QUOTE.DATETIME,SYMBOL.TICKER,PRICE.LEVEL,BID.LEVEL.PRICE,ASK.LEVEL.PRICE,MM.ID.INT
2015-04-02 06:28:21.4513,E:566,0,,7.16,"3269,1197,1198"
2015-04-02 06:28:24.4983,E:566,1,,7.17,"3345,3077,1799"
2015-04-02 06:27:34.9618,E:566,2,,7.18,"6310,5525,6825,6728,2310,6579,3347,3267,3346,8577"
2015-04-02 06:27:28.5245,E:566,3,,7.19,"1298,1799,6999,5838,103,2311,2311,2311,1799,6387,3266,2310"
2015-04-02 06:25:18.4898,E:566,4,,7.2,"8119,8118,5838,5129,8578,1799,2310,8337"
2015-04-02 06:28:30.5618,E:566,0,7.15,,"4087,1197"
2015-04-02 06:27:46.2365,E:566,1,7.14,,"3456,3457,2447,2311,3454"
2015-04-02 06:28:10.0129,E:566,2,7.13,,"3456,3457,3455,7385,3176"
2015-04-02 06:28:19.2588,E:566,3,7.12,,"8578,151,3077,9053"
2015-04-02 06:27:54.9553,E:566,4,7.11,,"6999,8302,4626,6386"
2015-04-02 06:27:09.3076,E:566,5,7.1,,"6999,146,6999,8767,9063,1759,8135,8578,6999,2311,6107,6999,4409,9038,6399"
2015-04-02 06:28:30.5415,E:566,0,,7.16,"3269,1198"
2015-04-02 06:28:24.4983,E:566,1,,7.17,"3345,3077,1799"
2015-04-02 06:27:34.9618,E:566,2,,7.18,"6310,5525,6825,6728,2310,6579,3347,3267,3346,8577"
2015-04-02 06:27:28.5245,E:566,3,,7.19,"1298,1799,6999,5838,103,2311,2311,2311,1799,6387,3266,2310"
2015-04-02 06:25:18.4898,E:566,4,,7.2,"8119,8118,5838,5129,8578,1799,2310,8337,8176"
2015-04-02 06:28:34.283,E:566,0,7.15,,"4087,1197,6999"
2015-04-02 06:27:46.2365,E:566,1,7.14,,"3456,3457,2447,2311,3454"
2015-04-02 06:28:10.0129,E:566,2,7.13,,"3456,3457,3455,7385,3176"
2015-04-02 06:28:19.2588,E:566,3,7.12,,"8578,151,3077,9053"
2015-04-02 06:27:54.9553,E:566,4,7.11,,"6999,8302,4626,6386"
2015-04-02 06:27:09.3076,E:566,5,7.1,,"6999,146,6999,8767,9063,1759,8135,8578,6999,2311,6107,6999,4409,9038"
2015-04-02 06:28:35.3938,E:566,0,7.15,,"1197,6999,4087"
2015-04-02 06:27:46.2365,E:566,1,7.14,,"3456,3457,2447,2311,3454"
2015-04-02 06:28:10.0129,E:566,2,7.13,,"3456,3457,3455,7385,3176"
2015-04-02 06:28:19.2588,E:566,3,7.12,,"8578,151,3077,9053"
2015-04-02 06:27:54.9553,E:566,4,7.11,,"6999,8302,4626,6386"
2015-04-02 06:27:09.3076,E:566,5,7.1,,"6999,146,6999,8767,9063,1759,8135,8578,6999,2311,6107,6999,4409,9038"
2015-04-02 06:28:47.4752,E:566,0,,7.16,"3269,1198,1799"
2015-04-02 06:28:47.4752,E:566,1,,7.17,"3345,3077"
2015-04-02 06:27:34.9618,E:566,2,,7.18,"6310,5525,6825,6728,2310,6579,3347,3267,3346,8577"
2015-04-02 06:27:28.5245,E:566,3,,7.19,"1298,1799,6999,5838,103,2311,2311,2311,1799,6387,3266,2310"
2015-04-02 06:25:18.4898,E:566,4,,7.2,"8119,8118,5838,5129,8578,1799,2310,8337,8176"
2015-04-02 06:28:48.0026,E:566,0,7.15,,"1197,6999,4087"
2015-04-02 06:28:47.5749,E:566,1,7.14,,"3456,3457,2447,2311,3454,151"
2015-04-02 06:28:10.0129,E:566,2,7.13,,"3456,3457,3455,7385,3176"
2015-04-02 06:28:47.5749,E:566,3,7.12,,"8578,3077,9053"
2015-04-02 06:27:54.9553,E:566,4,7.11,,"6999,8302,4626,6386"
2015-04-02 06:27:09.3076,E:566,5,7.1,,"6999,146,6999,8767,9063,1759,8135,8578,6999,2311,6107,6999,4409,9038"
2015-04-02 06:28:48.0026,E:566,0,7.15,,4087
2015-04-02 06:28:47.5749,E:566,1,7.14,,"3456,3457,2447,2311,3454,151"
2015-04-02 06:28:10.0129,E:566,2,7.13,,"3456,3457,3455,7385,3176"
2015-04-02 06:28:47.5749,E:566,3,7.12,,"8578,3077,9053"
2015-04-02 06:27:54.9553,E:566,4,7.11,,"6999,8302,4626,6386"
2015-04-02 06:27:09.3076,E:566,5,7.1,,"6999,146,6999,8767,9063,1759,8135,8578,6999,2311,6107,6999,4409,9038,6399"
2015-04-02 06:28:48.0026,E:566,0,7.15,,4087
2015-04-02 06:28:49.9055,E:566,1,7.14,,"3456,3457,2447,2311,3454,151,3077"
2015-04-02 06:28:10.0129,E:566,2,7.13,,"3456,3457,3455,7385,3176"
2015-04-02 06:28:49.8919,E:566,3,7.12,,"8578,3077,9053"
2015-04-02 06:28:49.8919,E:566,4,7.11,,"6999,8302,4626,6386"
2015-04-02 06:27:09.3076,E:566,5,7.1,,"6999,146,6999,8767,9063,1759,8135,8578,6999,2311,6107,6999,4409,9038,6399"
2015-04-02 06:29:06.1549,E:566,0,,7.16,"3269,1198"
2015-04-02 06:28:47.4752,E:566,1,,7.17,"3345,3077"
2015-04-02 06:27:34.9618,E:566,2,,7.18,"6310,5525,6825,6728,2310,6579,3347,3267,3346,8577"
2015-04-02 06:27:28.5245,E:566,3,,7.19,"1298,1799,6999,5838,103,2311,2311,2311,1799,6387,3266,2310"
2015-04-02 06:25:18.4898,E:566,4,,7.2,"8119,8118,5838,5129,8578,1799,2310,8337,8176,6999"
2015-04-02 06:29:06.1549,E:566,0,7.15,,4087
2015-04-02 06:28:49.9055,E:566,1,7.14,,"3456,3457,2447,2311,3454,151,3077"
2015-04-02 06:28:10.0129,E:566,2,7.13,,"3456,3457,3455,7385,3176"
2015-04-02 06:28:49.8919,E:566,3,7.12,,"8578,3077,9053"
2015-04-02 06:28:49.8919,E:566,4,7.11,,"6999,8302,4626,6386"
2015-04-02 06:29:09.259,E:566,5,7.1,,"6999,146,6999,8767,9063,8135,8578,6999,2311,6107,6999,4409,9038,6399"
2015-04-02 06:29:22.3395,E:566,0,7.14,,"3456,3457,2447,2311,3454,151,3077"
2015-04-02 06:29:22.4239,E:566,1,7.13,,"3456,3457,3455,7385,3176"
2015-04-02 06:28:49.8919,E:566,2,7.12,,"8578,3077,9053"
2015-04-02 06:28:49.8919,E:566,3,7.11,,"6999,8302,4626,6386"
2015-04-02 06:29:09.259,E:566,4,7.1,,"6999,146,6999,8767,9063,8135,8578,6999,2311,6107,6999,4409,9038,6399"
2015-04-02 06:29:07.5586,E:566,5,7.09,,"6999,3398"
2015-04-02 06:29:22.3395,E:566,0,7.14,,"3456,3457,2447,2311,3454,151,3077"
2015-04-02 06:29:22.4239,E:566,1,7.13,,"3456,3457,3455,7385,3176,6386"
2015-04-02 06:28:49.8919,E:566,2,7.12,,"8578,3077,9053"
2015-04-02 06:28:49.8919,E:566,3,7.11,,"6999,8302,4626,6386"
2015-04-02 06:29:09.259,E:566,4,7.1,,"6999,146,6999,8767,9063,8135,8578,6999,2311,6107,6999,4409,9038,6399"
2015-04-02 06:29:07.5586,E:566,5,7.09,,6999
2015-04-02 06:29:22.3395,E:566,0,7.14,,"3456,3457,2447,2311,3454,151,3077"
2015-04-02 06:29:22.4239,E:566,1,7.13,,"3456,3457,3455,7385,3176,6386,3456"
2015-04-02 06:28:49.8919,E:566,2,7.12,,"8578,3077,9053"
2015-04-02 06:28:49.8919,E:566,3,7.11,,"6999,8302,4626,6386"
2015-04-02 06:29:09.259,E:566,4,7.1,,"6999,146,6999,8767,9063,8135,8578,6999,2311,6107,6999,4409,9038,6399"
2015-04-02 06:29:22.3462,E:566,0,,7.15,"8886,6999"
2015-04-02 06:29:22.3648,E:566,1,,7.16,"3269,1198"
2015-04-02 06:28:47.4752,E:566,2,,7.17,"3345,3077"
2015-04-02 06:29:22.3521,E:566,3,,7.18,"6310,5525,6825,6728,2310,6579,3347,3267,3346,8577"
2015-04-02 06:27:28.5245,E:566,4,,7.19,"1298,1799,6999,5838,103,2311,2311,2311,1799,6387,3266,2310"
2015-04-02 06:25:18.4898,E:566,5,,7.2,"8119,8118,5838,5129,8578,1799,2310"
2015-04-02 06:29:22.3462,E:566,0,,7.15,"8886,6999"
2015-04-02 06:29:22.3648,E:566,1,,7.16,"3269,1198,5468"
2015-04-02 06:28:47.4752,E:566,2,,7.17,"3345,3077"
2015-04-02 06:29:22.3521,E:566,3,,7.18,"6310,5525,6825,6728,2310,6579,8577"
2015-04-02 06:27:28.5245,E:566,4,,7.19,"1298,1799,6999,5838,103,2311,2311,2311,1799,6387,3266,2310"
2015-04-02 06:25:18.4898,E:566,5,,7.2,"8119,8118,5838,5129,8578,1799,2310,8337,8176"
2015-04-02 06:29:23.9567,E:566,0,,7.15,"8886,6999,8184"
2015-04-02 06:29:22.3648,E:566,1,,7.16,"3269,1198,5468"
2015-04-02 06:28:47.4752,E:566,2,,7.17,"3345,3077"
2015-04-02 06:29:22.3521,E:566,3,,7.18,"6310,5525,6825,6728,2310,6579,8577"
2015-04-02 06:27:28.5245,E:566,4,,7.19,"1298,1799,6999,5838,103,2311,2311,2311,1799,6387,3266,2310"
2015-04-02 06:25:18.4898,E:566,5,,7.2,"8119,8118,5838,5129,8578,1799,2310,8337"
2015-04-02 06:29:22.3395,E:566,0,7.14,,"3456,3457,2447,2311,3454,151,3077"
2015-04-02 06:29:22.4239,E:566,1,7.13,,"3456,3457,3455,7385,3176,6386,3456"
2015-04-02 06:28:49.8919,E:566,2,7.12,,"8578,3077,9053"
2015-04-02 06:28:49.8919,E:566,3,7.11,,"6999,8302,4626,6386"
2015-04-02 06:29:25.1642,E:566,4,7.1,,"6999,146,6999,8767,9063,8135,8578,6999,2311,6107,6999,4409,9038,6399,6389"
2015-04-02 06:29:26.2099,E:566,0,,7.15,"8886,6999,8184,6999"
2015-04-02 06:29:22.3648,E:566,1,,7.16,"3269,1198,5468"
2015-04-02 06:28:47.4752,E:566,2,,7.17,"3345,3077"
2015-04-02 06:29:22.3521,E:566,3,,7.18,"6310,5525,6825,6728,2310,6579,8577"
2015-04-02 06:27:28.5245,E:566,4,,7.19,"1298,1799,6999,5838,103,2311,2311,2311,1799,6387,3266,2310"
2015-04-02 06:25:18.4898,E:566,5,,7.2,"8119,8118,5838,5129,8578,1799,2310"
2015-04-02 06:29:30.2441,E:566,0,7.14,,"3456,3457,2447,2311,3454,151,3077,1197"
2015-04-02 06:29:22.4239,E:566,1,7.13,,"3456,3457,3455,7385,3176,6386,3456"
2015-04-02 06:29:30.4983,E:566,2,7.12,,"8578,3077,9053"
2015-04-02 06:28:49.8919,E:566,3,7.11,,"6999,8302,4626,6386"
2015-04-02 06:29:25.1642,E:566,4,7.1,,"6999,146,6999,8767,9063,8135,8578,6999,2311,6107,6999,4409,9038,6399"
2015-04-02 06:29:30.2441,E:566,0,7.14,,"3456,3457,2447,2311,3454,151,3077,1197"
2015-04-02 06:29:22.4239,E:566,1,7.13,,"3456,3457,3455,7385,3176,6386,3456"
2015-04-02 06:29:30.4983,E:566,2,7.12,,"8578,3077,9053,5336"
2015-04-02 06:28:49.8919,E:566,3,7.11,,"6999,8302,4626,6386"
2015-04-02 06:29:25.1642,E:566,4,7.1,,"6999,146,6999,8767,9063,8135,8578,6999,2311,6107,6999,4409,9038"
2015-04-02 06:29:26.2099,E:566,0,,7.15,"8886,6999,8184,6999"
2015-04-02 06:29:22.3648,E:566,1,,7.16,"3269,1198,5468"
2015-04-02 06:29:30.8344,E:566,2,,7.17,"3345,3077,6387"
2015-04-02 06:29:22.3521,E:566,3,,7.18,"6310,5525,6825,6728,2310,6579,8577"
2015-04-02 06:29:30.8344,E:566,4,,7.19,"1298,1799,6999,5838,103,2311,2311,2311,1799,3266,2310"
2015-04-02 06:25:18.4898,E:566,5,,7.2,"8119,8118,5838,5129,8578,1799,2310"
2015-04-02 06:29:26.2099,E:566,0,,7.15,"8886,6999,8184,6999"
2015-04-02 06:29:35.0443,E:566,1,,7.16,"3269,1198,5468,3077"
2015-04-02 06:29:35.0443,E:566,2,,7.17,"3345,6387"
2015-04-02 06:29:22.3521,E:566,3,,7.18,"6310,5525,6825,6728,2310,6579,8577"
2015-04-02 06:29:30.8344,E:566,4,,7.19,"1298,1799,6999,5838,103,2311,2311,2311,1799,3266,2310"
2015-04-02 06:25:18.4898,E:566,5,,7.2,"8119,8118,5838,5129,8578,1799,2310"
2015-04-02 06:29:36.6486,E:566,0,7.14,,"3456,3457,2447,2311,3454,151,3077,1197,1198"
2015-04-02 06:29:22.4239,E:566,1,7.13,,"3456,3457,3455,7385,3176,6386,3456"
2015-04-02 06:29:30.4983,E:566,2,7.12,,"8578,3077,9053,5336"
2015-04-02 06:28:49.8919,E:566,3,7.11,,"6999,8302,4626,6386"
2015-04-02 06:29:36.9127,E:566,4,7.1,,"6999,146,6999,8767,9063,8135,8578,6999,2311,6107,6999,4409"
2015-04-02 06:29:36.6486,E:566,0,7.14,,"3456,3457,2447,2311,3454,151,3077,1197,1198"
2015-04-02 06:29:37.26,E:566,1,7.13,,"3456,3457,3455,7385,3176,6386,3456,6389"
2015-04-02 06:29:30.4983,E:566,2,7.12,,"8578,3077,9053,5336"
2015-04-02 06:28:49.8919,E:566,3,7.11,,"6999,8302,4626,6386"
2015-04-02 06:29:37.26,E:566,4,7.1,,"6999,146,6999,8767,9063,8135,8578,6999,2311,6107,6999"
2015-04-02 06:29:37.7128,E:566,0,7.14,,"3456,3457,2447,2311,3454,151,1197,1198"
2015-04-02 06:29:37.6253,E:566,1,7.13,,"3456,3457,3455,7385,3176,6386,3456"
2015-04-02 06:29:37.6253,E:566,2,7.12,,"8578,9053,5336"
2015-04-02 06:29:37.6253,E:566,3,7.11,,"6999,8302,4626"
2015-04-02 06:29:37.26,E:566,4,7.1,,"6999,146,6999,8767,9063,8135,8578,6999,2311,6107,6999,4409,9038"
2015-04-02 06:29:07.5586,E:566,5,7.09,,6999
2015-04-02 06:29:37.7128,E:566,0,7.14,,"3456,3457,2447,2311,3454,151,1197,1198,3456"
2015-04-02 06:29:37.6253,E:566,1,7.13,,"3456,3457,3455,7385,3176,6386,3456"
2015-04-02 06:29:37.6253,E:566,2,7.12,,"8578,9053,5336"
2015-04-02 06:29:37.6253,E:566,3,7.11,,"6999,8302,4626"
2015-04-02 06:29:37.26,E:566,4,7.1,,"6999,146,6999,8767,9063,8135,8578,6999,2311,6107,6999,4409,9038"
2015-04-02 06:29:37.7128,E:566,0,7.14,,"3456,3457,2447,2311,3454,151,1197,1198,3456,5467"
2015-04-02 06:29:37.6253,E:566,1,7.13,,"3456,3457,3455,7385,3176,6386,3456"
2015-04-02 06:29:37.6253,E:566,2,7.12,,"8578,9053,5336"
2015-04-02 06:29:37.6253,E:566,3,7.11,,"6999,8302,4626"
2015-04-02 06:29:37.26,E:566,4,7.1,,"6999,146,6999,8767,9063,8135,8578,6999,2311,6107,6999,4409,9038"
2015-04-02 06:29:38.9445,E:566,0,,7.15,"8886,6999,8184,6999"
2015-04-02 06:29:38.9445,E:566,1,,7.16,"3269,1198,5468,3077,5838"
2015-04-02 06:29:35.0443,E:566,2,,7.17,"3345,6387"
2015-04-02 06:29:22.3521,E:566,3,,7.18,"6310,5525,6825,6728,2310,6579,8577"
2015-04-02 06:29:30.8344,E:566,4,,7.19,"1298,1799,6999,5838,103,2311,2311,2311,1799,3266,2310"
2015-04-02 06:25:18.4898,E:566,5,,7.2,"8119,8118,5838,5129,8578,1799"
2015-04-02 06:29:38.9445,E:566,0,,7.15,"8886,6999,8184,6999,3267"
2015-04-02 06:29:38.9445,E:566,1,,7.16,"3269,1198,5468,3077,5838,3348"
2015-04-02 06:29:35.0443,E:566,2,,7.17,"3345,6387"
2015-04-02 06:29:22.3521,E:566,3,,7.18,"6310,5525,6825,6728,2310,6579,8577"
2015-04-02 06:29:30.8344,E:566,4,,7.19,"1298,1799,6999,5838,103,2311,2311,2311,1799,3266,2310"
2015-04-02 06:25:18.4898,E:566,5,,7.2,"8119,8118,5838,5129"
2015-04-02 06:29:37.7128,E:566,0,7.14,,"3456,3457,2447,2311,3454,151,1197,1198,3456,5467"
2015-04-02 06:29:39.7471,E:566,1,7.13,,"3456,3457,3455,7385,3176,6386,3456,6389"
2015-04-02 06:29:37.6253,E:566,2,7.12,,"8578,9053,5336"
2015-04-02 06:29:37.6253,E:566,3,7.11,,"6999,8302,4626"
2015-04-02 06:29:37.26,E:566,4,7.1,,"6999,146,6999,8767,9063,8135,8578,6999,2311,6107,6999,4409"
2015-04-02 06:29:48.957,E:566,0,,7.15,"8886,6999,8184,6999,3267,1198"
2015-04-02 06:29:48.957,E:566,1,,7.16,"3269,5468,3077,5838,3348"
2015-04-02 06:29:35.0443,E:566,2,,7.17,"3345,6387"
2015-04-02 06:29:22.3521,E:566,3,,7.18,"6310,5525,6825,6728,2310,6579,8577"
2015-04-02 06:29:30.8344,E:566,4,,7.19,"1298,1799,6999,5838,103,2311,2311,2311,1799,3266,2310"
2015-04-02 06:25:18.4898,E:566,5,,7.2,"8119,8118,5838,5129"
2015-04-02 06:29:49.992,E:566,0,,7.15,"8886,6999,8184,6999,3267,1198,1198"
2015-04-02 06:29:48.957,E:566,1,,7.16,"3269,5468,3077,5838,3348"
2015-04-02 06:29:35.0443,E:566,2,,7.17,"3345,6387"
2015-04-02 06:29:22.3521,E:566,3,,7.18,"6310,5525,6825,6728,2310,6579,8577"
2015-04-02 06:29:30.8344,E:566,4,,7.19,"1298,1799,6999,5838,103,2311,2311,2311,1799,3266,2310"
2015-04-02 06:25:18.4898,E:566,5,,7.2,"8119,8118,5838"
2015-04-02 06:30:01.135,E:566,0,,7.15,"8886,6999,8184,6999,3267,1198,1198,4086"
2015-04-02 06:29:48.957,E:566,1,,7.16,"3269,5468,3077,5838,3348"
2015-04-02 06:29:35.0443,E:566,2,,7.17,"3345,6387"
2015-04-02 06:29:22.3521,E:566,3,,7.18,"6310,5525,6825,6728,2310,6579,8577"
2015-04-02 06:29:30.8344,E:566,4,,7.19,"1298,1799,6999,5838,103,2311,2311,2311,1799,3266,2310"
2015-04-02 06:25:18.4898,E:566,5,,7.2,"8119,8118"
2015-04-02 06:30:15.6025,E:566,0,,7.16,"8886,8184,6999,3267,1198,1198,4086"
2015-04-02 06:30:15.4619,E:566,1,,7.17,"3269,5468,3077,5838,3348"
2015-04-02 06:29:22.3521,E:566,2,,7.18,"3345,6387"
2015-04-02 06:30:11.3058,E:566,3,,7.19,"6310,5525,6825,6728,2310,6579,8577"
2015-04-02 06:25:18.4898,E:566,4,,7.2,"1298,1799,6999,5838,103,2311,2311,2311,1799,3266,2310"
2015-04-02 06:01:52.6142,E:566,5,,7.21,"8119,8118,5838"
2015-04-02 06:30:15.6025,E:566,0,,7.16,"3269,5468,3077,5838,3348"
2015-04-02 06:30:15.4619,E:566,1,,7.17,"3345,6387"
2015-04-02 06:29:22.3521,E:566,2,,7.18,"6310,5525,6825,6728,2310,6579,8577"
2015-04-02 06:30:11.3058,E:566,3,,7.19,"1298,1799,6999,5838,103,2311,2311,2311,1799,3266,2310"
2015-04-02 06:25:18.4898,E:566,4,,7.2,"8119,8118,5838,5129,8578,1799,2310,8337,8176,6999,4589"
2015-04-02 06:30:15.6025,E:566,0,,7.16,"3269,5468,3077,5838,3348"
2015-04-02 06:30:15.4619,E:566,1,,7.17,"3345,6387"
2015-04-02 06:29:22.3521,E:566,2,,7.18,"6310,5525,6825,6728,2310,6579,8577"
2015-04-02 06:30:11.3058,E:566,3,,7.19,"1298,1799,6999,5838,103,2311,2311,2311,1799,2310"
2015-04-02 06:25:18.4898,E:566,4,,7.2,"8119,8118,5838,5129,8578,1799,2310,8337,8176,6999,4589,9047"
2015-04-02 06:30:21.448,E:566,0,7.14,,"3456,3457,2447,2311,3454,151,1197,1198,3456,5467,3449"
2015-04-02 06:30:22.0457,E:566,1,7.13,,"3456,3457,3455,7385,3176,6386,3456,6389"
2015-04-02 06:29:37.6253,E:566,2,7.12,,"8578,9053,5336"
2015-04-02 06:29:37.6253,E:566,3,7.11,,"6999,8302,4626"
2015-04-02 06:29:37.26,E:566,4,7.1,,"6999,146,6999,8767,9063,8135,8578,6999,2311,6107,6999"
2015-04-02 06:30:21.448,E:566,0,7.14,,"3456,3457,2447,2311,3454,151,1197,1198,3456,5467,3449,3449"
2015-04-02 06:30:22.0457,E:566,1,7.13,,"3456,3457,3455,7385,3176,6386,3456,6389"
2015-04-02 06:29:37.6253,E:566,2,7.12,,"8578,9053,5336"
2015-04-02 06:29:37.6253,E:566,3,7.11,,"6999,8302,4626"
2015-04-02 06:29:37.26,E:566,4,7.1,,"6999,146,6999,8767,9063,8135,8578,6999,2311,6107"
2015-04-02 06:30:21.448,E:566,0,7.14,,"3456,3457,2447,2311,3454,151,1197,1198,3456,5467,3449,3449"
2015-04-02 06:30:22.0457,E:566,1,7.13,,"3456,3457,3455,7385,3176,3456,6389"
2015-04-02 06:29:37.6253,E:566,2,7.12,,"8578,9053,5336"
2015-04-02 06:29:37.6253,E:566,3,7.11,,"6999,8302,4626"
2015-04-02 06:29:37.26,E:566,4,7.1,,"6999,146,6999,8767,9063,8135,8578,6999,2311,6107,6999"
2015-04-02 06:30:15.6025,E:566,0,,7.16,"3269,3077,5838,3348"
2015-04-02 06:30:15.4619,E:566,1,,7.17,"3345,6387"
2015-04-02 06:29:22.3521,E:566,2,,7.18,"6310,5525,6825,6728,2310,6579,8577"
2015-04-02 06:30:11.3058,E:566,3,,7.19,"1298,1799,6999,5838,103,2311,2311,2311,1799,2310"
2015-04-02 06:25:18.4898,E:566,4,,7.2,"8119,8118,5838,5129,8578,1799,2310,8337,8176,6999,4589,9047,8577"
2015-04-02 06:30:21.448,E:566,0,7.14,,"3456,3457,2447,2311,3454,151,1197,1198,3456,5467,3449,3449,1197"
2015-04-02 06:30:22.0457,E:566,1,7.13,,"3456,3457,3455,7385,3176,3456,6389"
2015-04-02 06:29:37.6253,E:566,2,7.12,,"8578,9053,5336"
2015-04-02 06:29:37.6253,E:566,3,7.11,,"6999,8302,4626"
2015-04-02 06:29:37.26,E:566,4,7.1,,"6999,146,6999,8767,9063,8135,8578,6999,2311,6107"
2015-04-02 06:30:26.9014,E:566,0,7.14,,"3456,3457,2447,2311,3454,151,1197,1198,3456,5467,3449,3449,1197,6389"
2015-04-02 06:30:22.0457,E:566,1,7.13,,"3456,3457,3455,7385,3176,3456"
2015-04-02 06:29:37.6253,E:566,2,7.12,,"8578,9053,5336"
2015-04-02 06:29:37.6253,E:566,3,7.11,,"6999,8302,4626"
2015-04-02 06:29:37.26,E:566,4,7.1,,"6999,146,6999,8767,9063,8135,8578,6999,2311,6107"
2015-04-02 06:30:27.6064,E:566,0,7.15,,"3456,3457,2447,2311,3454,151,1197,1198,3456,5467,3449,1197,6389"
2015-04-02 06:30:27.6064,E:566,1,7.14,,"3456,3457,3455,7385,3176,3456"
2015-04-02 06:30:27.6518,E:566,2,7.13,,"8578,9053,5336"
2015-04-02 06:30:27.5421,E:566,3,7.12,,"6999,8302,4626"
2015-04-02 06:29:37.6253,E:566,4,7.11,,"6999,146,6999,8767,9063,8135,8578,6999,2311,6107,6999"
2015-04-02 06:30:27.6064,E:566,0,7.15,,"3456,3457,2447,2311,3454,151,1197,1198,3456,5467,3449,1197,6389"
2015-04-02 06:30:27.6064,E:566,1,7.14,,"3456,3457,3455,7385,3176,3456,6387"
2015-04-02 06:30:27.6518,E:566,2,7.13,,"8578,9053,5336"
2015-04-02 06:30:27.5421,E:566,3,7.12,,"6999,8302,4626"
2015-04-02 06:29:37.6253,E:566,4,7.11,,"6999,146,6999,8767,9063,8135,8578,6999,2311,6107"
2015-04-02 06:30:15.6025,E:566,0,,7.16,"5838,3348"
2015-04-02 06:30:15.4619,E:566,1,,7.17,"3345,6387"
2015-04-02 06:29:22.3521,E:566,2,,7.18,"6310,5525,6825,6728,2310,6579,8577"
2015-04-02 06:30:11.3058,E:566,3,,7.19,"1298,1799,6999,5838,103,2311,2311,2311,1799,2310"
2015-04-02 06:25:18.4898,E:566,4,,7.2,"8119,8118,5838,5129,8578,1799,2310,8337,8176,6999,4589,9047,8577,8127,4628"
2015-04-02 06:30:15.6025,E:566,0,,7.16,"5838,3348"
2015-04-02 06:30:15.4619,E:566,1,,7.17,"3345,6387,5467"
2015-04-02 06:29:22.3521,E:566,2,,7.18,"6310,5525,6825,6728,2310,6579,8577"
2015-04-02 06:30:11.3058,E:566,3,,7.19,"1298,1799,6999,5838,103,2311,2311,2311,1799,2310"
2015-04-02 06:25:18.4898,E:566,4,,7.2,"8119,8118,5838,5129,8578,1799,2310,8337,8176,6999,4589,9047,8577,8127"
2015-04-02 06:30:29.9481,E:566,0,7.15,,"3456,3457,2447,2311,3454,151,1197,1198,3456,5467,3449,1197"
2015-04-02 06:30:29.1083,E:566,1,7.14,,"3456,3457,3455,7385,3176,3456,6387,6389"
2015-04-02 06:30:29.1083,E:566,2,7.13,,"8578,9053,5336"
2015-04-02 06:30:27.5421,E:566,3,7.12,,"6999,8302,4626"
2015-04-02 06:29:37.6253,E:566,4,7.11,,"6999,146,6999,8767,9063,8135,8578,6999,2311,6107"
2015-04-02 06:30:29.9481,E:566,0,7.15,,"3456,3457,2447,2311,3454,151,1197,3456,5467,3449,1197"
2015-04-02 06:30:29.1083,E:566,1,7.14,,"3456,3457,3455,7385,3176,3456,6387,6389"
2015-04-02 06:30:29.1083,E:566,2,7.13,,"8578,9053,5336"
2015-04-02 06:30:27.5421,E:566,3,7.12,,"6999,8302,4626"
2015-04-02 06:29:37.6253,E:566,4,7.11,,"6999,146,6999,8767,9063,8135,8578,6999,2311,6107,6999"
2015-04-02 06:30:29.9481,E:566,0,7.15,,"3456,3457,2447,2311,3454,151,1197,3456,5467,3449,1197,4087"
2015-04-02 06:30:29.1083,E:566,1,7.14,,"3456,3457,3455,7385,3176,3456,6387,6389"
2015-04-02 06:30:29.1083,E:566,2,7.13,,"8578,9053,5336"
2015-04-02 06:30:27.5421,E:566,3,7.12,,"6999,8302,4626"
2015-04-02 06:29:37.6253,E:566,4,7.11,,"6999,146,6999,8767,9063,8135,8578,6999,2311,6107"
2015-04-02 06:30:33.6007,E:566,0,7.15,,"3456,3457,2447,2311,3454,151,1197,3456,5467,3449,1197,4087,1198"
2015-04-02 06:30:29.1083,E:566,1,7.14,,"3456,3457,3455,7385,3176,3456,6387,6389"
2015-04-02 06:30:29.1083,E:566,2,7.13,,"8578,9053,5336"
2015-04-02 06:30:27.5421,E:566,3,7.12,,"6999,8302,4626"
2015-04-02 06:29:37.6253,E:566,4,7.11,,"6999,146,6999,8767,9063,8135,8578,6999,2311"
2015-04-02 06:30:33.6007,E:566,0,7.15,,6999
2015-04-02 06:30:29.1083,E:566,1,7.14,,"3456,3457,2447,2311,3454,151,1197,3456,5467,3449,1197,4087,1198"
2015-04-02 06:30:29.1083,E:566,2,7.13,,"3456,3457,3455,7385,3176,3456,6387,6389"
2015-04-02 06:30:27.5421,E:566,3,7.12,,"8578,9053"
2015-04-02 06:29:37.6253,E:566,4,7.11,,"6999,8302,4626"
2015-04-02 06:29:37.26,E:566,5,7.1,,"6999,146,6999,8767,9063,8135,8578,6999"
2015-04-02 06:30:33.6007,E:566,0,7.15,,6999
2015-04-02 06:30:29.1083,E:566,1,7.14,,"3456,3457,2447,2311,3454,151,1197,3456,5467,3449,1197,4087,1198,6389"
2015-04-02 06:30:29.1083,E:566,2,7.13,,"3456,3457,3455,7385,3176,3456,6387,6389,5336"
2015-04-02 06:30:27.5421,E:566,3,7.12,,"8578,9053"
2015-04-02 06:29:37.6253,E:566,4,7.11,,"6999,8302,4626"
2015-04-02 06:29:37.26,E:566,5,7.1,,"6999,146,6999,8767,9063,8135"
2015-04-02 06:30:33.6007,E:566,0,7.15,,"6999,3455,1198"
2015-04-02 06:30:29.1083,E:566,1,7.14,,"3456,3457,2447,2311,3454,151,1197,3456,5467,3449,1197,4087,6389"
2015-04-02 06:30:29.1083,E:566,2,7.13,,"3456,3457,3455,7385,3176,3456,6387,6389,5336"
2015-04-02 06:30:27.5421,E:566,3,7.12,,"8578,9053"
2015-04-02 06:29:37.6253,E:566,4,7.11,,"6999,8302,4626"
2015-04-02 06:29:37.26,E:566,5,7.1,,"6999,146,6999,8767,9063"
2015-04-02 06:30:33.6007,E:566,0,7.15,,"6999,3455,1198"
2015-04-02 06:30:29.1083,E:566,1,7.14,,"3456,3457,2447,2311,3454,151,1197,3456,5467,3449,1197,4087,6389"
2015-04-02 06:30:29.1083,E:566,2,7.13,,"3457,3455,7385,3176,6387,6389,5336"
2015-04-02 06:30:27.5421,E:566,3,7.12,,"8578,9053"
2015-04-02 06:29:37.6253,E:566,4,7.11,,"6999,8302,4626"
2015-04-02 06:29:37.26,E:566,5,7.1,,"6999,146,6999,8767,9063,8135,8578"
2015-04-02 06:30:33.6007,E:566,0,7.15,,"6999,3455,1198,1197"
2015-04-02 06:30:29.1083,E:566,1,7.14,,"3456,3457,2447,2311,3454,151,3456,5467,3449,1197,4087,6389"
2015-04-02 06:30:29.1083,E:566,2,7.13,,"3457,3455,7385,3176,6387,6389,5336"
2015-04-02 06:30:27.5421,E:566,3,7.12,,"8578,9053"
2015-04-02 06:29:37.6253,E:566,4,7.11,,"6999,8302,4626"
2015-04-02 06:29:37.26,E:566,5,7.1,,"6999,146,6999,8767,9063,8135,8578"
2015-04-02 06:30:33.6007,E:566,0,7.15,,"6999,3455,1198,1197,6389"
2015-04-02 06:30:29.1083,E:566,1,7.14,,"3456,3457,2447,2311,3454,151,3456,5467,3449,1197,4087,6389"
2015-04-02 06:30:29.1083,E:566,2,7.13,,"3457,3455,7385,3176,6387,5336"
2015-04-02 06:30:27.5421,E:566,3,7.12,,"8578,9053"
2015-04-02 06:29:37.6253,E:566,4,7.11,,"6999,8302,4626"
2015-04-02 06:29:37.26,E:566,5,7.1,,"6999,146,6999,8767,9063,8135,8578"
2015-04-02 06:30:33.6007,E:566,0,7.15,,"6999,3455,1198,1197,6389,1197"
2015-04-02 06:30:29.1083,E:566,1,7.14,,"3456,3457,2447,2311,3454,151,3456,5467,3449,1197,4087,6389"
2015-04-02 06:30:29.1083,E:566,2,7.13,,"3457,3455,7385,3176,6387,5336"
2015-04-02 06:30:27.5421,E:566,3,7.12,,"8578,9053"
2015-04-02 06:29:37.6253,E:566,4,7.11,,"6999,8302,4626"
2015-04-02 06:29:37.26,E:566,5,7.1,,"6999,146,6999,8767,9063,8135"
2015-04-02 06:30:15.6025,E:566,0,,7.16,"5838,3348"
2015-04-02 06:30:15.4619,E:566,1,,7.17,"3345,6387,5467"
2015-04-02 06:30:29.1171,E:566,2,,7.18,"6310,5525,6825,6728,2310,6579,8577,3349"
2015-04-02 06:30:11.3058,E:566,3,,7.19,"1298,1799,6999,5838,103,2311,2311,2311,1799,2310"
2015-04-02 06:25:18.4898,E:566,4,,7.2,"8119,8118,5838,5129,8578,1799,2310,8337,8176,6999,4589,9047,8577"
2015-04-02 06:30:36.2453,E:566,0,7.15,,"6389,1197"
2015-04-02 06:30:29.1083,E:566,1,7.14,,"3456,3457,2447,2311,3454,151,3456,5467,3449,1197,4087,6389"
2015-04-02 06:30:29.1083,E:566,2,7.13,,"3457,3455,7385,3176,6387,5336"
2015-04-02 06:30:27.5421,E:566,3,7.12,,"8578,9053"
2015-04-02 06:29:37.6253,E:566,4,7.11,,"6999,8302,4626"
2015-04-02 06:29:37.26,E:566,5,7.1,,"6999,146,6999,8767,9063,8135,8578,6999,2311,6107"
2015-04-02 06:30:36.2453,E:566,0,7.15,,"6389,1197,6999"
2015-04-02 06:30:29.1083,E:566,1,7.14,,"3456,3457,2447,2311,3454,151,3456,5467,3449,1197,4087,6389"
2015-04-02 06:30:29.1083,E:566,2,7.13,,"3457,3455,7385,3176,6387,5336"
2015-04-02 06:30:27.5421,E:566,3,7.12,,"8578,9053"
2015-04-02 06:29:37.6253,E:566,4,7.11,,"6999,8302,4626"
2015-04-02 06:29:37.26,E:566,5,7.1,,"6999,146,6999,8767,9063,8135,8578,6999,2311"
2015-04-02 06:30:41.4099,E:566,0,7.15,,"1197,6999"
2015-04-02 06:30:29.1083,E:566,1,7.14,,"3456,3457,2447,2311,3454,151,3456,5467,3449,1197,4087,6389"
2015-04-02 06:30:29.1083,E:566,2,7.13,,"3457,3455,7385,3176,6387,5336"
2015-04-02 06:30:27.5421,E:566,3,7.12,,"8578,9053"
2015-04-02 06:29:37.6253,E:566,4,7.11,,"6999,8302,4626"
2015-04-02 06:29:37.26,E:566,5,7.1,,"6999,146,6999,8767,9063,8135,8578,6999,2311,6107"
2015-04-02 06:30:42.8675,E:566,0,7.15,,"1197,6999,1197"
2015-04-02 06:30:42.8675,E:566,1,7.14,,"3456,3457,2447,2311,3454,151,3456,5467,3449,4087,6389"
2015-04-02 06:30:29.1083,E:566,2,7.13,,"3457,3455,7385,3176,6387,5336"
2015-04-02 06:30:27.5421,E:566,3,7.12,,"8578,9053"
2015-04-02 06:29:37.6253,E:566,4,7.11,,"6999,8302,4626"
2015-04-02 06:29:37.26,E:566,5,7.1,,"6999,146,6999,8767,9063,8135,8578,6999,2311,6107"
2015-04-02 06:30:56.4386,E:566,0,7.15,,"1197,6999,1197,4087"
2015-04-02 06:30:56.4386,E:566,1,7.14,,"3456,3457,2447,2311,3454,151,3456,5467,3449,6389"
2015-04-02 06:30:29.1083,E:566,2,7.13,,"3457,3455,7385,3176,6387,5336"
2015-04-02 06:30:27.5421,E:566,3,7.12,,"8578,9053"
2015-04-02 06:29:37.6253,E:566,4,7.11,,"6999,8302,4626"
2015-04-02 06:29:37.26,E:566,5,7.1,,"6999,146,6999,8767,9063,8135,8578,6999,2311,6107"
2015-04-02 06:31:07.4014,E:566,0,7.15,,"1197,6999,1197,4087"
2015-04-02 06:31:07.3904,E:566,1,7.14,,"3456,3457,2447,2311,3454,151,3456,5467,3449,6389,6999"
2015-04-02 06:31:13.4312,E:566,2,7.13,,"3457,3455,7385,3176,6387,5336"
2015-04-02 06:30:27.5421,E:566,3,7.12,,"8578,9053"
2015-04-02 06:29:37.6253,E:566,4,7.11,,"6999,8302,4626"
2015-04-02 06:29:37.26,E:566,5,7.1,,"6999,146,6999,8767,9063,8135,8578,6999,2311"
2015-04-02 06:31:07.4014,E:566,0,7.15,,4087
2015-04-02 06:31:07.3904,E:566,1,7.14,,"3456,3457,2447,2311,3454,151,3456,5467,3449,6389,6999"
2015-04-02 06:31:13.4312,E:566,2,7.13,,"3457,3455,7385,3176,6387,5336"
2015-04-02 06:30:27.5421,E:566,3,7.12,,"8578,9053"
2015-04-02 06:29:37.6253,E:566,4,7.11,,"6999,8302,4626"
2015-04-02 06:29:37.26,E:566,5,7.1,,"6999,146,6999,8767,9063,8135,8578,6999,2311,6107,6999,4409"
2015-04-02 06:31:07.4014,E:566,0,7.15,,"4087,3349,6386"
2015-04-02 06:31:07.3904,E:566,1,7.14,,"3456,3457,2447,2311,3454,151,3456,5467,3449,6389,6999"
2015-04-02 06:31:13.4312,E:566,2,7.13,,"3457,3455,7385,3176,6387,5336"
2015-04-02 06:30:27.5421,E:566,3,7.12,,"8578,9053"
2015-04-02 06:29:37.6253,E:566,4,7.11,,"6999,8302,4626"
2015-04-02 06:29:37.26,E:566,5,7.1,,"6999,146,6999,8767,9063,8135,8578,6999,2311,6107"
2015-04-02 06:31:14.7853,E:566,0,7.15,,"4087,3349,6386"
2015-04-02 06:31:07.3904,E:566,1,7.14,,"3456,3457,2447,2311,3454,151,3456,5467,3449,6389,6999"
2015-04-02 06:31:13.4312,E:566,2,7.13,,"3457,3455,7385,3176,6387,5336,3077"
2015-04-02 06:30:27.5421,E:566,3,7.12,,"8578,9053"
2015-04-02 06:29:37.6253,E:566,4,7.11,,"6999,8302,4626"
2015-04-02 06:29:37.26,E:566,5,7.1,,"6999,146,6999,8767,9063,8135,8578,6999,2311"
2015-04-02 06:31:14.7853,E:566,0,7.15,,"4087,3349,6386,6999"
2015-04-02 06:31:07.3904,E:566,1,7.14,,"3456,3457,2447,2311,3454,151,3456,5467,3449,6389,6999"
2015-04-02 06:31:13.4312,E:566,2,7.13,,"3457,3455,7385,3176,6387,5336,3077"
2015-04-02 06:30:27.5421,E:566,3,7.12,,"8578,9053"
2015-04-02 06:29:37.6253,E:566,4,7.11,,"6999,8302,4626"
2015-04-02 06:29:37.26,E:566,5,7.1,,"6999,146,6999,8767,9063,8135,8578,6999"
2015-04-02 06:30:46.4432,E:566,0,,7.16,"5838,3348"
2015-04-02 06:31:13.4061,E:566,1,,7.17,"3345,5467"
2015-04-02 06:31:13.4061,E:566,2,,7.18,"6310,5525,6825,6728,2310,6579,8577,3349,6387"
2015-04-02 06:30:11.3058,E:566,3,,7.19,"1298,1799,6999,5838,103,2311,2311,2311,1799,2310"
2015-04-02 06:30:41.9695,E:566,4,,7.2,"8119,8118,5838,5129,8578,1799,2310,8337,8176,6999,4589,9047,8577"
2015-04-02 06:31:16.0253,E:566,0,,7.16,"5838,3348,9063"
2015-04-02 06:31:13.4061,E:566,1,,7.17,"3345,5467"
2015-04-02 06:31:13.4061,E:566,2,,7.18,"6310,5525,6825,6728,2310,6579,8577,3349,6387"
2015-04-02 06:30:11.3058,E:566,3,,7.19,"1298,1799,6999,5838,103,2311,2311,2311,1799,2310"
2015-04-02 06:30:41.9695,E:566,4,,7.2,"8119,8118,5838,5129,8578,1799,2310,8337,8176,6999,4589,9047"
2015-04-02 06:31:24.3321,E:566,0,7.15,,"4087,3349,6386,6999,4087"
2015-04-02 06:31:07.3904,E:566,1,7.14,,"3456,3457,2447,2311,3454,151,3456,5467,3449,6389,6999"
2015-04-02 06:31:13.4312,E:566,2,7.13,,"3457,3455,7385,3176,6387,5336,3077"
2015-04-02 06:30:27.5421,E:566,3,7.12,,"8578,9053"
2015-04-02 06:29:37.6253,E:566,4,7.11,,"6999,8302,4626"
2015-04-02 06:29:37.26,E:566,5,7.1,,"6999,146,6999,8767,9063,8135,8578"
2015-04-02 06:31:24.3321,E:566,0,7.15,,"4087,3349,6386,6999,4087,3454"
2015-04-02 06:31:07.3904,E:566,1,7.14,,"3456,3457,2447,2311,3454,151,3456,5467,3449,6389,6999"
2015-04-02 06:31:13.4312,E:566,2,7.13,,"3457,3455,7385,3176,6387,5336,3077"
2015-04-02 06:30:27.5421,E:566,3,7.12,,"8578,9053"
2015-04-02 06:29:37.6253,E:566,4,7.11,,"6999,8302,4626"
2015-04-02 06:29:37.26,E:566,5,7.1,,"6999,146,6999,8767,9063,8135"
2015-04-02 06:31:25.2584,E:566,0,7.15,,"4087,3349,6386,6999,3454"
2015-04-02 06:31:07.3904,E:566,1,7.14,,"3456,3457,2447,2311,3454,151,3456,5467,3449,6389,6999"
2015-04-02 06:31:13.4312,E:566,2,7.13,,"3457,3455,7385,3176,6387,5336,3077"
2015-04-02 06:30:27.5421,E:566,3,7.12,,"8578,9053"
2015-04-02 06:29:37.6253,E:566,4,7.11,,"6999,8302,4626"
2015-04-02 06:29:37.26,E:566,5,7.1,,"6999,146,6999,8767,9063,8135,8578"
2015-04-02 06:31:25.2654,E:566,0,,7.16,"3348,9063"
2015-04-02 06:31:25.2654,E:566,1,,7.17,"3345,5467"
2015-04-02 06:31:13.4061,E:566,2,,7.18,"6310,5525,6825,6728,2310,6579,8577,3349,6387"
2015-04-02 06:30:11.3058,E:566,3,,7.19,"1298,1799,6999,5838,103,2311,2311,2311,1799,2310"
2015-04-02 06:30:41.9695,E:566,4,,7.2,"8119,8118,5838,5129,8578,1799,2310,8337,8176,6999,4589,9047,8577"
2015-04-02 06:31:25.2654,E:566,0,,7.16,"3348,9063"
2015-04-02 06:31:25.2654,E:566,1,,7.17,"3345,5467,3267"
2015-04-02 06:31:13.4061,E:566,2,,7.18,"6310,5525,6825,6728,2310,6579,8577,3349,6387"
2015-04-02 06:30:11.3058,E:566,3,,7.19,"1298,1799,6999,5838,103,2311,2311,2311,1799,2310"
2015-04-02 06:30:41.9695,E:566,4,,7.2,"8119,8118,5838,5129,8578,1799,2310,8337,8176,6999,4589,9047"
2015-04-02 06:31:26.5853,E:566,0,7.15,,"4087,3349,6386,6999,3454,1197"
2015-04-02 06:31:07.3904,E:566,1,7.14,,"3456,3457,2447,2311,3454,151,3456,5467,3449,6389,6999"
2015-04-02 06:31:13.4312,E:566,2,7.13,,"3457,3455,7385,3176,6387,5336,3077"
2015-04-02 06:30:27.5421,E:566,3,7.12,,"8578,9053"
2015-04-02 06:29:37.6253,E:566,4,7.11,,"6999,8302,4626"
2015-04-02 06:29:37.26,E:566,5,7.1,,"6999,146,6999,8767,9063,8135"
2015-04-02 06:31:28.2773,E:566,0,,7.16,"3348,9063,4087"
2015-04-02 06:31:25.2654,E:566,1,,7.17,"3345,5467,3267"
2015-04-02 06:31:13.4061,E:566,2,,7.18,"6310,5525,6825,6728,2310,6579,8577,3349,6387"
2015-04-02 06:30:11.3058,E:566,3,,7.19,"1298,1799,6999,5838,103,2311,2311,2311,1799,2310"
2015-04-02 06:30:41.9695,E:566,4,,7.2,"8119,8118,5838,5129,8578,1799,2310,8337,8176,6999,4589"
2015-04-02 06:31:30.2747,E:566,0,7.15,,"4087,3349,6386,6999,3454,1197,8026"
2015-04-02 06:31:07.3904,E:566,1,7.14,,"3456,3457,2447,2311,3454,151,3456,5467,3449,6389,6999"
2015-04-02 06:31:13.4312,E:566,2,7.13,,"3457,3455,7385,3176,6387,5336,3077"
2015-04-02 06:30:27.5421,E:566,3,7.12,,"8578,9053"
2015-04-02 06:29:37.6253,E:566,4,7.11,,"6999,8302,4626"
2015-04-02 06:29:37.26,E:566,5,7.1,,"6999,146,6999,8767,9063"
2015-04-02 06:31:54.9854,E:566,0,7.15,,"4087,3349,6386,6999,3454,1197,8026,3455"
2015-04-02 06:31:07.3904,E:566,1,7.14,,"3456,3457,2447,2311,3454,151,3456,5467,3449,6389,6999"
2015-04-02 06:31:13.4312,E:566,2,7.13,,"3457,3455,7385,3176,6387,5336,3077"
2015-04-02 06:30:27.5421,E:566,3,7.12,,"8578,9053"
2015-04-02 06:29:37.6253,E:566,4,7.11,,"6999,8302,4626"
2015-04-02 06:29:37.26,E:566,5,7.1,,"6999,146,6999,8767"
2015-04-02 06:31:50.1562,E:566,0,,7.16,"3348,9063,4087"
2015-04-02 06:31:25.2654,E:566,1,,7.17,"3345,5467,3267"
2015-04-02 06:31:57.8905,E:566,2,,7.18,"6310,5525,6825,6728,2310,6579,8577,3349,6387,5838"
2015-04-02 06:30:11.3058,E:566,3,,7.19,"1298,1799,6999,5838,103,2311,2311,2311,1799,2310"
2015-04-02 06:30:41.9695,E:566,4,,7.2,"8119,8118,5838,5129,8578,1799,2310,8337,8176,6999"
2015-04-02 06:32:01.4157,E:566,0,7.15,,"4087,3349,6386,6999,3454,1197,8026,3455,3455"
2015-04-02 06:31:07.3904,E:566,1,7.14,,"3456,3457,2447,2311,3454,151,3456,5467,3449,6389,6999"
2015-04-02 06:31:13.4312,E:566,2,7.13,,"3457,3455,7385,3176,6387,5336,3077"
2015-04-02 06:30:27.5421,E:566,3,7.12,,"8578,9053"
2015-04-02 06:29:37.6253,E:566,4,7.11,,"6999,8302,4626"
2015-04-02 06:29:37.26,E:566,5,7.1,,"6999,146,6999"
2015-04-02 06:32:08.0265,E:566,0,7.15,,"4087,3349,6386,6999,3454,1197,8026,3455,3455"
2015-04-02 06:31:07.3904,E:566,1,7.14,,"3456,3457,2447,2311,3454,151,3456,5467,3449,6389,6999"
2015-04-02 06:32:08.0211,E:566,2,7.13,,"3457,3455,7385,3176,6387,3077"
2015-04-02 06:30:27.5421,E:566,3,7.12,,"8578,9053"
2015-04-02 06:29:37.6253,E:566,4,7.11,,"6999,8302,4626"
2015-04-02 06:29:37.26,E:566,5,7.1,,"6999,146,6999,8767"
2015-04-02 06:32:08.0265,E:566,0,7.15,,"4087,3349,6386,6999,3454,1197,8026,3455,3455,5345"
2015-04-02 06:31:07.3904,E:566,1,7.14,,"3456,3457,2447,2311,3454,151,3456,5467,3449,6389,6999"
2015-04-02 06:32:08.0211,E:566,2,7.13,,"3457,3455,7385,3176,6387,3077"
2015-04-02 06:30:27.5421,E:566,3,7.12,,"8578,9053"
2015-04-02 06:29:37.6253,E:566,4,7.11,,"6999,8302,4626"
2015-04-02 06:29:37.26,E:566,5,7.1,,"6999,146,6999"
2015-04-02 06:32:30.9266,E:566,0,7.15,,"3455,3455,5345"
2015-04-02 06:32:30.663,E:566,1,7.14,,"3456,3457,2447,2311,3454,151,3456,5467,3449,6389,6999"
2015-04-02 06:32:08.0211,E:566,2,7.13,,"3457,3455,7385,3176,6387,3077"
2015-04-02 06:32:30.663,E:566,3,7.12,,"8578,9053"
2015-04-02 06:29:37.6253,E:566,4,7.11,,"6999,8302,4626"
2015-04-02 06:29:37.26,E:566,5,7.1,,"6999,146,6999,8767,9063,8135,8578,6999,2311,6107"
2015-04-02 06:32:36.6359,E:566,0,,7.16,"3348,9063,4087"
2015-04-02 06:32:24.5669,E:566,1,,7.17,"3345,5467,3267"
2015-04-02 06:32:24.5669,E:566,2,,7.18,"6310,5525,6825,6728,2310,6579,8577,3349,6387,5838,3267"
2015-04-02 06:30:11.3058,E:566,3,,7.19,"1298,1799,6999,5838,103,2311,2311,2311,1799,2310"
2015-04-02 06:30:41.9695,E:566,4,,7.2,"8119,8118,5838,5129,8578,1799,2310,8337,8176"
2015-04-02 06:32:40.4978,E:566,0,7.15,,"3455,3455,5345,1198"
2015-04-02 06:32:30.663,E:566,1,7.14,,"3456,3457,2447,2311,3454,151,3456,5467,3449,6389,6999"
2015-04-02 06:32:08.0211,E:566,2,7.13,,"3457,3455,7385,3176,6387,3077"
2015-04-02 06:32:41.5124,E:566,3,7.12,,"8578,9053"
2015-04-02 06:29:37.6253,E:566,4,7.11,,"6999,8302,4626"
2015-04-02 06:29:37.26,E:566,5,7.1,,"6999,146,6999,8767,9063,8135,8578,6999,2311"
2015-04-02 06:32:36.6359,E:566,0,,7.16,"3348,9063,4087,3265"
2015-04-02 06:32:24.5669,E:566,1,,7.17,"3345,5467,3267"
2015-04-02 06:32:24.5669,E:566,2,,7.18,"6310,5525,6825,6728,2310,6579,8577,3349,6387,5838,3267,3347"
2015-04-02 06:30:11.3058,E:566,3,,7.19,"1298,1799,6999,5838,103,2311,2311,2311,1799,2310"
2015-04-02 06:30:41.9695,E:566,4,,7.2,"8119,8118,5838,5129,8578,1799,2310"
2015-04-02 06:32:54.2287,E:566,0,7.14,,"3455,3455,5345,1198"
2015-04-02 06:32:58.2712,E:566,1,7.13,,"3456,3457,2447,2311,3454,151,3456,5467,3449,6389,6999,9053"
2015-04-02 06:32:41.5124,E:566,2,7.12,,"3457,3455,7385,3176,6387,3077"
2015-04-02 06:32:58.2566,E:566,3,7.11,,8578
2015-04-02 06:29:37.26,E:566,4,7.1,,"6999,8302,4626"
2015-04-02 06:29:07.5586,E:566,5,7.09,,"6999,146,6999,8767,9063,8135,8578,6999,2311"
2015-04-02 06:32:54.2287,E:566,0,7.14,,"3455,3455,5345,1198,1197"
2015-04-02 06:32:58.2712,E:566,1,7.13,,"3456,3457,2447,2311,3454,151,3456,5467,3449,6389,6999,9053"
2015-04-02 06:32:41.5124,E:566,2,7.12,,"3457,3455,7385,3176,6387,3077"
2015-04-02 06:32:58.2566,E:566,3,7.11,,8578
2015-04-02 06:29:37.26,E:566,4,7.1,,"6999,8302,4626"
2015-04-02 06:29:07.5586,E:566,5,7.09,,"6999,146,6999,8767,9063,8135,8578,6999"
2015-04-02 06:33:15.6648,E:566,0,,7.16,"3348,9063,4087,3265,3265"
2015-04-02 06:33:15.2761,E:566,1,,7.17,"3345,5467,3267"
2015-04-02 06:33:15.678,E:566,2,,7.18,"6310,5525,6825,6728,2310,6579,8577,3349,6387,5838,3267,3347"
2015-04-02 06:30:11.3058,E:566,3,,7.19,"1298,1799,6999,5838,103,2311,2311,2311,1799,2310"
2015-04-02 06:30:41.9695,E:566,4,,7.2,"8119,8118,5838,5129,8578,1799"
2015-04-02 06:33:15.7395,E:566,0,7.15,,"3455,3455,5345,1198,1197,6999"
2015-04-02 06:33:15.6648,E:566,1,7.14,,"3456,3457,2447,2311,3454,151,3456,5467,3449,6389,6999,9053"
2015-04-02 06:33:17.433,E:566,2,7.13,,"3457,3455,7385,3176,6387,3077"
2015-04-02 06:33:15.678,E:566,3,7.12,,8578
2015-04-02 06:33:17.4267,E:566,4,7.11,,"6999,8302,4626"
2015-04-02 06:33:14.0505,E:566,5,7.1,,"6999,146,6999,8767,9063,8135,8578"
2015-04-02 06:33:15.7395,E:566,0,7.15,,"3455,3455,5345,1198,1197,6999,3456"
2015-04-02 06:33:15.6648,E:566,1,7.14,,"3456,3457,2447,2311,3454,151,3456,5467,3449,6389,6999,9053"
2015-04-02 06:33:17.433,E:566,2,7.13,,"3457,3455,7385,3176,6387,3077"
2015-04-02 06:33:15.678,E:566,3,7.12,,8578
2015-04-02 06:33:17.4267,E:566,4,7.11,,"6999,8302,4626"
2015-04-02 06:33:14.0505,E:566,5,7.1,,"6999,146,6999,8767,9063,8135"
2015-04-02 06:33:15.7395,E:566,0,7.15,,"1198,1197,6999,3456"
2015-04-02 06:33:15.6648,E:566,1,7.14,,"3456,3457,2447,2311,3454,151,3456,5467,3449,6389,6999,9053"
2015-04-02 06:33:17.433,E:566,2,7.13,,"3457,3455,7385,3176,6387,3077"
2015-04-02 06:33:15.678,E:566,3,7.12,,8578
2015-04-02 06:33:17.4267,E:566,4,7.11,,"6999,8302,4626"
2015-04-02 06:33:14.0505,E:566,5,7.1,,"6999,146,6999,8767,9063,8135,8578,6999,2311"
2015-04-02 06:33:15.7395,E:566,0,7.15,,"1198,1197,6999,3456,5465"
2015-04-02 06:33:15.6648,E:566,1,7.14,,"3456,3457,2447,2311,3454,151,3456,5467,3449,6389,6999,9053"
2015-04-02 06:33:17.433,E:566,2,7.13,,"3457,3455,7385,3176,6387,3077"
2015-04-02 06:33:15.678,E:566,3,7.12,,8578
2015-04-02 06:33:17.4267,E:566,4,7.11,,"6999,8302,4626"
2015-04-02 06:33:14.0505,E:566,5,7.1,,"6999,146,6999,8767,9063,8135,8578,6999"
2015-04-02 06:33:15.7395,E:566,0,7.15,,"1198,1197,6999,3456,5465"
2015-04-02 06:33:15.6648,E:566,1,7.14,,"3456,3457,2447,2311,3454,151,3456,5467,3449,6389,6999,9053"
2015-04-02 06:33:17.433,E:566,2,7.13,,"3457,3455,7385,3176,6387,3077"
2015-04-02 06:33:15.678,E:566,3,7.12,,"8578,9068"
2015-04-02 06:33:17.4267,E:566,4,7.11,,"6999,8302,4626"
2015-04-02 06:33:14.0505,E:566,5,7.1,,"6999,146,6999,8767,9063,8135,8578"
2015-04-02 06:33:15.7395,E:566,0,7.15,,"1197,6999,3456,5465"
2015-04-02 06:33:15.6648,E:566,1,7.14,,"3456,3457,2447,2311,3454,151,3456,5467,3449,6389,6999,9053"
2015-04-02 06:33:17.433,E:566,2,7.13,,"3457,3455,7385,3176,6387,3077"
2015-04-02 06:33:15.678,E:566,3,7.12,,"8578,9068"
2015-04-02 06:33:17.4267,E:566,4,7.11,,"6999,8302,4626"
2015-04-02 06:33:14.0505,E:566,5,7.1,,"6999,146,6999,8767,9063,8135,8578,6999"
2015-04-02 06:33:15.6648,E:566,0,,7.16,"3348,4087,3265,3265"
2015-04-02 06:33:28.287,E:566,1,,7.17,"3345,5467,3267"
2015-04-02 06:33:28.2748,E:566,2,,7.18,"6310,5525,6825,6728,2310,6579,8577,3349,6387,5838,3267,3347"
2015-04-02 06:30:11.3058,E:566,3,,7.19,"1298,1799,6999,5838,103,2311,2311,2311,1799,2310"
2015-04-02 06:30:41.9695,E:566,4,,7.2,"8119,8118,5838,5129,8578,1799,2310"
2015-04-02 06:33:28.2686,E:566,0,7.15,,5465
2015-04-02 06:33:28.2808,E:566,1,7.14,,"3456,3457,2447,2311,3454,151,3456,5467,3449,6389,6999,9053"
2015-04-02 06:33:17.433,E:566,2,7.13,,"3457,3455,7385,3176,6387,3077"
2015-04-02 06:33:15.678,E:566,3,7.12,,"8578,9068"
2015-04-02 06:33:17.4267,E:566,4,7.11,,"6999,8302,4626"
2015-04-02 06:33:14.0505,E:566,5,7.1,,"6999,146,6999,8767,9063,8135,8578,6999,2311,6107,6999"
2015-04-02 06:33:28.2686,E:566,0,7.15,,"3456,3457,2447,2311,3454,151,3456,5467,3449,6389,6999,9053"
2015-04-02 06:33:28.2808,E:566,1,7.14,,"3457,3455,7385,3176,6387,3077"
2015-04-02 06:33:17.433,E:566,2,7.13,,"8578,9068"
2015-04-02 06:33:15.678,E:566,3,7.12,,"6999,8302,4626"
2015-04-02 06:33:17.4267,E:566,4,7.11,,"6999,146,6999,8767,9063,8135,8578,6999,2311,6107,6999,4409,9038"
2015-04-02 06:33:28.2686,E:566,0,7.15,,"3456,3457,2447,2311,3454,151,3456,5467,3449,6999,9053"
2015-04-02 06:33:28.2808,E:566,1,7.14,,"3457,3455,7385,3176,6387,3077"
2015-04-02 06:33:17.433,E:566,2,7.13,,"8578,9068"
2015-04-02 06:33:15.678,E:566,3,7.12,,"6999,8302,4626"
2015-04-02 06:33:17.4267,E:566,4,7.11,,"6999,146,6999,8767,9063,8135,8578,6999,2311,6107,6999,4409,9038"
2015-04-02 06:33:28.2686,E:566,0,7.15,,"3456,3457,2447,2311,3454,151,3456,5467,3449,6999,9053"
2015-04-02 06:33:28.2808,E:566,1,7.14,,"3457,3455,7385,3176,6387,3077"
2015-04-02 06:33:17.433,E:566,2,7.13,,"8578,9068"
2015-04-02 06:33:15.678,E:566,3,7.12,,"6999,8302,4626,6389"
2015-04-02 06:33:17.4267,E:566,4,7.11,,"6999,146,6999,8767,9063,8135,8578,6999,2311,6107,6999,4409,9038"
2015-04-02 06:33:28.2686,E:566,0,7.15,,"3456,3457,2447,2311,3454,151,3456,5467,3449,6999,9053"
2015-04-02 06:33:28.2808,E:566,1,7.14,,"3457,3455,7385,3176,6387,3077,3454"
2015-04-02 06:33:17.433,E:566,2,7.13,,"8578,9068"
2015-04-02 06:33:15.678,E:566,3,7.12,,"6999,8302,4626,6389"
2015-04-02 06:33:17.4267,E:566,4,7.11,,"6999,146,6999,8767,9063,8135,8578,6999,2311,6107,6999,4409"
2015-04-02 06:33:30.6657,E:566,0,7.15,,"3456,3457,2447,2311,3454,151,3456,5467,3449,6999,9053"
2015-04-02 06:33:28.2808,E:566,1,7.14,,"3457,3455,7385,3176,6387,3077,3454,6389"
2015-04-02 06:33:17.433,E:566,2,7.13,,"8578,9068"
2015-04-02 06:33:30.6657,E:566,3,7.12,,"6999,8302,4626,6389"
2015-04-02 06:33:17.4267,E:566,4,7.11,,"6999,146,6999,8767,9063,8135,8578,6999,2311,6107,6999"
2015-04-02 06:33:30.6657,E:566,0,7.15,,"3456,3457,2447,2311,3454,151,3456,5467,3449,6999,9053"
2015-04-02 06:33:28.2808,E:566,1,7.14,,"3457,3455,7385,3176,3454,6389"
2015-04-02 06:33:17.433,E:566,2,7.13,,"8578,9068"
2015-04-02 06:33:30.6657,E:566,3,7.12,,"6999,8302,4626,6389"
2015-04-02 06:33:17.4267,E:566,4,7.11,,"6999,146,6999,8767,9063,8135,8578,6999,2311,6107,6999,4409,9038"
2015-04-02 06:33:30.6657,E:566,0,7.15,,"3456,3457,2447,2311,3454,151,3456,5467,3449,6999"
2015-04-02 06:33:28.2808,E:566,1,7.14,,"3457,3455,7385,3176,3454,6389"
2015-04-02 06:33:17.433,E:566,2,7.13,,"8578,9068"
2015-04-02 06:33:30.6657,E:566,3,7.12,,"6999,8302,4626,6389"
2015-04-02 06:33:17.4267,E:566,4,7.11,,"6999,146,6999,8767,9063,8135,8578,6999,2311,6107,6999,4409,9038,3077"
2015-04-02 06:33:30.6657,E:566,0,7.15,,"3456,3457,2447,2311,3454,151,3456,5467,3449,6999"
2015-04-02 06:33:28.2808,E:566,1,7.14,,"3457,3455,7385,3176,3454,6389"
2015-04-02 06:33:17.433,E:566,2,7.13,,8578
2015-04-02 06:33:30.6657,E:566,3,7.12,,"6999,8302,4626,6389"
2015-04-02 06:33:17.4267,E:566,4,7.11,,"6999,146,6999,8767,9063,8135,8578,6999,2311,6107,6999,4409,9038,3077"
2015-04-02 06:33:30.6657,E:566,0,7.15,,9053
2015-04-02 06:33:28.2808,E:566,1,7.14,,"3456,3457,2447,2311,3454,151,3456,5467,3449,6999"
2015-04-02 06:33:17.433,E:566,2,7.13,,"3457,3455,7385,3176,3454,6389"
2015-04-02 06:33:30.6657,E:566,3,7.12,,8578
2015-04-02 06:33:17.4267,E:566,4,7.11,,"6999,8302,4626,6389"
2015-04-02 06:33:14.0505,E:566,5,7.1,,"6999,146,6999,8767,9063,8135,8578,6999,2311,6107,6999,4409,9038"
2015-04-02 06:33:30.6657,E:566,0,7.15,,9053
2015-04-02 06:33:28.2808,E:566,1,7.14,,"3456,3457,2447,2311,3454,151,3456,5467,3449,6999"
2015-04-02 06:33:17.433,E:566,2,7.13,,"3457,3455,7385,3176,6389"
2015-04-02 06:33:30.6657,E:566,3,7.12,,8578
2015-04-02 06:33:17.4267,E:566,4,7.11,,"6999,8302,4626,6389"
2015-04-02 06:33:14.0505,E:566,5,7.1,,"6999,146,6999,8767,9063,8135,8578,6999,2311,6107,6999,4409,9038,3077"
2015-04-02 06:33:15.6648,E:566,0,,7.16,6319
2015-04-02 06:33:28.287,E:566,1,,7.17,"3348,4087,3265,3265,1198"
2015-04-02 06:33:28.2748,E:566,2,,7.18,"3345,5467,3267"
2015-04-02 06:30:11.3058,E:566,3,,7.19,"6310,5525,6825,6728,2310,6579,8577,3349,6387,5838,3267,3347"
2015-04-02 06:30:41.9695,E:566,4,,7.2,"1298,1799,6999,5838,103,2311,2311,2311,1799,2310"
2015-04-02 06:01:52.6142,E:566,5,,7.21,"8119,8118,5838,5129"
2015-04-02 06:33:15.6648,E:566,0,,7.16,6319
2015-04-02 06:33:28.287,E:566,1,,7.17,"3348,4087,3265,3265,1198"
2015-04-02 06:33:28.2748,E:566,2,,7.18,"3345,3267"
2015-04-02 06:30:11.3058,E:566,3,,7.19,"6310,5525,6825,6728,2310,6579,8577,3349,6387,5838,3267,3347"
2015-04-02 06:30:41.9695,E:566,4,,7.2,"1298,1799,6999,5838,103,2311,2311,2311,1799,2310"
2015-04-02 06:01:52.6142,E:566,5,,7.21,"8119,8118,5838,5129,8578"
2015-04-02 06:33:15.6648,E:566,0,,7.16,"3348,4087,3265,3265,1198"
2015-04-02 06:33:28.287,E:566,1,,7.17,"3345,3267"
2015-04-02 06:33:28.2748,E:566,2,,7.18,"6310,5525,6825,6728,2310,6579,8577,3349,6387,5838,3267,3347"
2015-04-02 06:30:11.3058,E:566,3,,7.19,"1298,1799,6999,5838,103,2311,2311,2311,1799,2310"
2015-04-02 06:30:41.9695,E:566,4,,7.2,"8119,8118,5838,5129,8578,1799,2310"
2015-04-02 06:33:15.6648,E:566,0,,7.16,"3348,4087,3265,3265,1198"
2015-04-02 06:33:28.287,E:566,1,,7.17,"3345,3267"
2015-04-02 06:33:28.2748,E:566,2,,7.18,"6310,5525,6825,6728,2310,6579,8577,6387,5838"
2015-04-02 06:30:11.3058,E:566,3,,7.19,"1298,1799,6999,5838,103,2311,2311,2311,1799,2310"
2015-04-02 06:30:41.9695,E:566,4,,7.2,"8119,8118,5838,5129,8578,1799,2310,8337,8176,6999"
2015-04-02 06:33:30.6657,E:566,0,7.15,,9053
2015-04-02 06:33:28.2808,E:566,1,7.14,,"3456,3457,2447,2311,3454,151,3456,5467,3449,6999"
2015-04-02 06:33:17.433,E:566,2,7.13,,"3457,3455,7385,3176,6389"
2015-04-02 06:33:30.6657,E:566,3,7.12,,8578
2015-04-02 06:33:17.4267,E:566,4,7.11,,"6999,8302,4626"
2015-04-02 06:33:14.0505,E:566,5,7.1,,"6999,146,6999,8767,9063,8135,8578,6999,2311,6107,6999,4409,9038,3077"
2015-04-02 06:33:30.6657,E:566,0,7.15,,9053
2015-04-02 06:33:28.2808,E:566,1,7.14,,"3456,3457,2447,2311,3454,151,3456,5467,3449,6999"
2015-04-02 06:33:17.433,E:566,2,7.13,,"3457,3455,7385,3176"
2015-04-02 06:33:30.6657,E:566,3,7.12,,8578
2015-04-02 06:33:17.4267,E:566,4,7.11,,"6999,8302,4626"
2015-04-02 06:33:14.0505,E:566,5,7.1,,"6999,146,6999,8767,9063,8135,8578,6999,2311,6107,6999,4409,9038,3077"
2015-04-02 06:29:07.5586,E:566,6,7.09,,6999
2015-04-02 06:33:30.6657,E:566,0,7.15,,"9053,1197"
2015-04-02 06:33:28.2808,E:566,1,7.14,,"3456,3457,2447,2311,3454,151,3456,5467,3449,6999"
2015-04-02 06:33:17.433,E:566,2,7.13,,"3457,3455,7385,3176"
2015-04-02 06:33:30.6657,E:566,3,7.12,,8578
2015-04-02 06:33:17.4267,E:566,4,7.11,,"6999,8302,4626"
2015-04-02 06:33:14.0505,E:566,5,7.1,,"6999,146,6999,8767,9063,8135,8578,6999,2311,6107,6999,4409,9038,3077"
2015-04-02 06:33:30.6657,E:566,0,7.15,,"9053,1197,4087"
2015-04-02 06:33:28.2808,E:566,1,7.14,,"3456,3457,2447,2311,3454,151,3456,5467,3449,6999"
2015-04-02 06:33:17.433,E:566,2,7.13,,"3457,3455,7385,3176"
2015-04-02 06:33:30.6657,E:566,3,7.12,,8578
2015-04-02 06:33:17.4267,E:566,4,7.11,,"6999,8302,4626"
2015-04-02 06:33:14.0505,E:566,5,7.1,,"6999,146,6999,8767,9063,8135,8578,6999,2311,6107,6999,4409,9038,3077"
2015-04-02 06:33:30.6657,E:566,0,7.15,,"9053,1197,4087"
2015-04-02 06:33:28.2808,E:566,1,7.14,,"3456,3457,2447,2311,3454,151,3456,5467,3449,6999,229"
2015-04-02 06:33:17.433,E:566,2,7.13,,"3457,3455,7385,3176"
2015-04-02 06:33:30.6657,E:566,3,7.12,,8578
2015-04-02 06:33:17.4267,E:566,4,7.11,,"6999,8302,4626"
2015-04-02 06:33:14.0505,E:566,5,7.1,,"6999,146,6999,8767,9063,8135,8578,6999,2311,6107,6999,4409,9038"
2015-04-02 06:33:15.6648,E:566,0,,7.16,"3348,4087,3265,3265,1198"
2015-04-02 06:33:28.287,E:566,1,,7.17,"3345,3267"
2015-04-02 06:33:28.2748,E:566,2,,7.18,"6310,5525,6825,6728,2310,6579,8577,6387,5838,3269"
2015-04-02 06:30:11.3058,E:566,3,,7.19,"1298,1799,6999,5838,103,2311,2311,2311,1799,2310"
2015-04-02 06:30:41.9695,E:566,4,,7.2,"8119,8118,5838,5129,8578,1799,2310,8337,8176"
2015-04-02 06:33:15.6648,E:566,0,,7.16,"3348,4087,3265,3265,1198"
2015-04-02 06:33:28.287,E:566,1,,7.17,"3345,3267,5468"
2015-04-02 06:33:28.2748,E:566,2,,7.18,"6310,5525,6825,6728,2310,6579,8577,6387,5838,3269"
2015-04-02 06:30:11.3058,E:566,3,,7.19,"1298,1799,6999,5838,103,2311,2311,2311,1799,2310"
2015-04-02 06:30:41.9695,E:566,4,,7.2,"8119,8118,5838,5129,8578,1799,2310,8337"
2015-04-02 06:33:30.6657,E:566,0,7.15,,"1197,4087"
2015-04-02 06:33:28.2808,E:566,1,7.14,,"3456,3457,2447,2311,3454,151,3456,5467,3449,6999,229"
2015-04-02 06:33:17.433,E:566,2,7.13,,"3457,3455,7385,3176"
2015-04-02 06:33:30.6657,E:566,3,7.12,,"8578,9053"
2015-04-02 06:33:17.4267,E:566,4,7.11,,"6999,8302,4626"
2015-04-02 06:33:14.0505,E:566,5,7.1,,"6999,146,6999,8767,9063,8135,8578,6999,2311,6107,6999,4409,9038"
2015-04-02 06:33:30.6657,E:566,0,7.15,,"1197,4087"
2015-04-02 06:33:28.2808,E:566,1,7.14,,"3456,3457,2447,2311,3454,151,3456,5467,3449,6999,229"
2015-04-02 06:33:44.067,E:566,2,7.13,,"3457,3455,7385,3176,3077"
2015-04-02 06:33:30.6657,E:566,3,7.12,,"8578,9053"
2015-04-02 06:33:17.4267,E:566,4,7.11,,"6999,8302,4626"
2015-04-02 06:33:44.067,E:566,5,7.1,,"6999,146,6999,8767,9063,8135,8578,6999,2311,6107,6999,4409"
2015-04-02 06:33:45.2152,E:566,0,7.15,,"1197,4087,8578"
2015-04-02 06:33:28.2808,E:566,1,7.14,,"3456,3457,2447,2311,3454,151,3456,5467,3449,6999,229"
2015-04-02 06:33:44.067,E:566,2,7.13,,"3457,3455,7385,3176,3077"
2015-04-02 06:33:45.2152,E:566,3,7.12,,9053
2015-04-02 06:33:17.4267,E:566,4,7.11,,"6999,8302,4626"
2015-04-02 06:33:44.067,E:566,5,7.1,,"6999,146,6999,8767,9063,8135,8578,6999,2311,6107,6999,4409"
2015-04-02 06:33:48.7444,E:566,0,7.15,,"1197,4087,8578,6999"
2015-04-02 06:33:28.2808,E:566,1,7.14,,"3456,3457,2447,2311,3454,151,3456,5467,3449,6999,229"
2015-04-02 06:33:44.067,E:566,2,7.13,,"3457,3455,7385,3176,3077"
2015-04-02 06:33:48.9042,E:566,3,7.12,,9053
2015-04-02 06:33:17.4267,E:566,4,7.11,,"6999,8302,4626"
2015-04-02 06:33:44.067,E:566,5,7.1,,"6999,146,6999,8767,9063,8135,8578,6999,2311,6107,6999"
2015-04-02 06:33:48.7444,E:566,0,7.15,,"1197,4087,8578,6999"
2015-04-02 06:33:28.2808,E:566,1,7.14,,"3456,3457,2447,2311,3454,151,3456,5467,3449,6999,229"
2015-04-02 06:33:44.067,E:566,2,7.13,,"3457,3455,7385,3176,3077"
2015-04-02 06:33:48.9042,E:566,3,7.12,,"9053,5889"
2015-04-02 06:33:17.4267,E:566,4,7.11,,"6999,8302,4626"
2015-04-02 06:33:44.067,E:566,5,7.1,,"6999,146,6999,8767,9063,8135,8578,6999,2311,6107"
2015-04-02 06:33:53.4364,E:566,0,,7.16,"3348,4087,3265,3265"
2015-04-02 06:33:28.287,E:566,1,,7.17,"3345,3267,5468"
2015-04-02 06:33:28.2748,E:566,2,,7.18,"6310,5525,6825,6728,2310,6579,8577,6387,5838,3269"
2015-04-02 06:30:11.3058,E:566,3,,7.19,"1298,1799,6999,5838,103,2311,2311,2311,1799,2310"
2015-04-02 06:30:41.9695,E:566,4,,7.2,"8119,8118,5838,5129,8578,1799,2310,8337,8176"
2015-04-02 06:34:00.7233,E:566,0,7.15,,"1197,4087,8578,6999,151"
2015-04-02 06:34:00.3001,E:566,1,7.14,,"3456,3457,2447,2311,3454,3456,5467,3449,6999,229"
2015-04-02 06:33:44.067,E:566,2,7.13,,"3457,3455,7385,3176,3077"
2015-04-02 06:33:48.9042,E:566,3,7.12,,"9053,5889"
2015-04-02 06:33:17.4267,E:566,4,7.11,,"6999,8302,4626"
2015-04-02 06:33:44.067,E:566,5,7.1,,"6999,146,6999,8767,9063,8135,8578,6999,2311,6107"
2015-04-02 06:34:00.7233,E:566,0,7.15,,"1197,4087,8578,6999,151,3456"
2015-04-02 06:34:00.3001,E:566,1,7.14,,"3456,3457,2447,2311,3454,3456,5467,3449,6999,229"
2015-04-02 06:33:44.067,E:566,2,7.13,,"3457,3455,7385,3176,3077"
2015-04-02 06:33:48.9042,E:566,3,7.12,,"9053,5889"
2015-04-02 06:33:17.4267,E:566,4,7.11,,"6999,8302,4626"
2015-04-02 06:33:44.067,E:566,5,7.1,,"6999,146,6999,8767,9063,8135,8578,6999,2311"
2015-04-02 06:34:02.7457,E:566,0,7.15,,"6999,151,3456"
2015-04-02 06:34:02.7457,E:566,1,7.14,,"3456,3457,2447,2311,3454,3456,5467,3449,6999,229"
2015-04-02 06:33:44.067,E:566,2,7.13,,"3457,3455,7385,3176,3077"
2015-04-02 06:33:48.9042,E:566,3,7.12,,"9053,5889"
2015-04-02 06:34:02.7457,E:566,4,7.11,,"6999,8302,4626"
2015-04-02 06:33:44.067,E:566,5,7.1,,"6999,146,6999,8767,9063,8135,8578,6999,2311,6107,6999,4409"
2015-04-02 06:34:02.7457,E:566,0,7.15,,"6999,151,3456,5467"
2015-04-02 06:34:02.7457,E:566,1,7.14,,"3456,3457,2447,2311,3454,3456,3449,6999,229"
2015-04-02 06:33:44.067,E:566,2,7.13,,"3457,3455,7385,3176,3077"
2015-04-02 06:33:48.9042,E:566,3,7.12,,"9053,5889"
2015-04-02 06:34:02.7457,E:566,4,7.11,,"6999,8302,4626,229"
2015-04-02 06:33:44.067,E:566,5,7.1,,"6999,146,6999,8767,9063,8135,8578,6999,2311,6107,6999"
2015-04-02 06:34:25.412,E:566,0,7.15,,"6999,151,3456,5467,1198"
2015-04-02 06:34:02.7457,E:566,1,7.14,,"3456,3457,2447,2311,3454,3456,3449,6999,229"
2015-04-02 06:33:44.067,E:566,2,7.13,,"3457,3455,7385,3176,3077"
2015-04-02 06:33:48.9042,E:566,3,7.12,,"9053,5889"
2015-04-02 06:34:02.7457,E:566,4,7.11,,"6999,8302,4626,229"
2015-04-02 06:33:44.067,E:566,5,7.1,,"6999,146,6999,8767,9063,8135,8578,6999,2311,6107"
2015-04-02 06:34:25.412,E:566,0,7.15,,"6999,151,3456,5467,1198"
2015-04-02 06:34:25.9092,E:566,1,7.14,,"3456,3457,2447,2311,3454,3456,3449,6999,229,229"
2015-04-02 06:33:44.067,E:566,2,7.13,,"3457,3455,7385,3176,3077"
2015-04-02 06:33:48.9042,E:566,3,7.12,,"9053,5889"
2015-04-02 06:34:25.9092,E:566,4,7.11,,"6999,8302,4626"
2015-04-02 06:33:44.067,E:566,5,7.1,,"6999,146,6999,8767,9063,8135,8578,6999,2311,6107"
2015-04-02 06:34:28.6625,E:566,0,7.15,,"6999,151,3456,5467,1198,3456"
2015-04-02 06:34:25.9092,E:566,1,7.14,,"3456,3457,2447,2311,3454,3456,3449,6999,229,229"
2015-04-02 06:33:44.067,E:566,2,7.13,,"3457,3455,7385,3176,3077"
2015-04-02 06:33:48.9042,E:566,3,7.12,,"9053,5889"
2015-04-02 06:34:25.9092,E:566,4,7.11,,"6999,8302,4626"
2015-04-02 06:33:44.067,E:566,5,7.1,,"6999,146,6999,8767,9063,8135,8578,6999,2311"
2015-04-02 06:34:31.3697,E:566,0,7.15,,"6999,151,3456,5467,1198,3456,1197"
2015-04-02 06:34:25.9092,E:566,1,7.14,,"3456,3457,2447,2311,3454,3456,3449,6999,229,229"
2015-04-02 06:33:44.067,E:566,2,7.13,,"3457,3455,7385,3176,3077"
2015-04-02 06:33:48.9042,E:566,3,7.12,,"9053,5889"
2015-04-02 06:34:25.9092,E:566,4,7.11,,"6999,8302,4626"
2015-04-02 06:33:44.067,E:566,5,7.1,,"6999,146,6999,8767,9063,8135,8578,6999"
2015-04-02 06:34:37.7191,E:566,0,,7.16,"3348,4087,3265,3265,4087"
2015-04-02 06:33:28.287,E:566,1,,7.17,"3345,3267,5468"
2015-04-02 06:33:28.2748,E:566,2,,7.18,"6310,5525,6825,6728,2310,6579,8577,6387,5838,3269"
2015-04-02 06:30:11.3058,E:566,3,,7.19,"1298,1799,6999,5838,103,2311,2311,2311,1799,2310"
2015-04-02 06:30:41.9695,E:566,4,,7.2,"8119,8118,5838,5129,8578,1799,2310,8337"
2015-04-02 06:34:44.635,E:566,0,7.15,,"6999,151,3456,5467,1198,3456,1197,3449"
2015-04-02 06:34:25.9092,E:566,1,7.14,,"3456,3457,2447,2311,3454,3456,3449,6999,229,229"
2015-04-02 06:33:44.067,E:566,2,7.13,,"3457,3455,7385,3176,3077"
2015-04-02 06:33:48.9042,E:566,3,7.12,,"9053,5889"
2015-04-02 06:34:25.9092,E:566,4,7.11,,"6999,8302,4626"
2015-04-02 06:33:44.067,E:566,5,7.1,,"6999,146,6999,8767,9063,8135,8578"
2015-04-02 06:34:51.9682,E:566,0,7.15,,"6999,151,3456,5467,1198,3456,1197,3449,4085"
2015-04-02 06:34:25.9092,E:566,1,7.14,,"3456,3457,2447,2311,3454,3456,3449,6999,229,229"
2015-04-02 06:33:44.067,E:566,2,7.13,,"3457,3455,7385,3176,3077"
2015-04-02 06:33:48.9042,E:566,3,7.12,,"9053,5889"
2015-04-02 06:34:25.9092,E:566,4,7.11,,"6999,8302,4626"
2015-04-02 06:33:44.067,E:566,5,7.1,,"6999,146,6999,8767,9063,8135"
2015-04-02 06:34:53.3519,E:566,0,7.15,,"6999,151,3456,5467,1198,3456,1197,3449,4085,3457"
2015-04-02 06:34:25.9092,E:566,1,7.14,,"3456,3457,2447,2311,3454,3456,3449,6999,229,229"
2015-04-02 06:33:44.067,E:566,2,7.13,,"3457,3455,7385,3176,3077"
2015-04-02 06:33:48.9042,E:566,3,7.12,,"9053,5889"
2015-04-02 06:34:25.9092,E:566,4,7.11,,"6999,8302,4626"
2015-04-02 06:33:44.067,E:566,5,7.1,,"6999,146,6999,8767,9063"
2015-04-02 06:34:55.9216,E:566,0,,7.16,"3348,4087,3265,3265,4087,690"
2015-04-02 06:33:28.287,E:566,1,,7.17,"3345,3267,5468"
2015-04-02 06:33:28.2748,E:566,2,,7.18,"6310,5525,6825,6728,2310,6579,8577,6387,5838,3269"
2015-04-02 06:30:11.3058,E:566,3,,7.19,"1298,1799,6999,5838,103,2311,2311,2311,1799,2310"
2015-04-02 06:30:41.9695,E:566,4,,7.2,"8119,8118,5838,5129,8578,1799,2310"
2015-04-02 06:34:53.3519,E:566,0,7.15,,"6999,151,3456,5467,1198,3456,1197,3449,4085,3457"
2015-04-02 06:34:25.9092,E:566,1,7.14,,"3456,3457,2447,2311,3454,3456,3449,6999,229,229"
2015-04-02 06:33:44.067,E:566,2,7.13,,"3457,3455,7385,3176,3077"
2015-04-02 06:33:48.9042,E:566,3,7.12,,"9053,5889"
2015-04-02 06:35:03.2902,E:566,4,7.11,,"6999,8302,4626,4668"
2015-04-02 06:33:44.067,E:566,5,7.1,,"6999,146,6999,8767"
2015-04-02 06:35:05.5689,E:566,0,7.15,,"6999,151,3456,5467,1198,3456,1197,3449,4085,3457,1198"
2015-04-02 06:34:25.9092,E:566,1,7.14,,"3456,3457,2447,2311,3454,3456,3449,6999,229,229"
2015-04-02 06:33:44.067,E:566,2,7.13,,"3457,3455,7385,3176,3077"
2015-04-02 06:33:48.9042,E:566,3,7.12,,"9053,5889"
2015-04-02 06:35:03.2902,E:566,4,7.11,,"6999,8302,4626,4668"
2015-04-02 06:33:44.067,E:566,5,7.1,,"6999,146,6999"
2015-04-02 06:35:12.2066,E:566,0,7.15,,"6999,151,3456,5467,1198,3456,1197,3449,4085,3457,1198"
2015-04-02 06:35:12.1172,E:566,1,7.14,,"3456,3457,2447,2311,3454,3456,3449,6999,229"
2015-04-02 06:33:44.067,E:566,2,7.13,,"3457,3455,7385,3176,3077"
2015-04-02 06:33:48.9042,E:566,3,7.12,,"9053,5889"
2015-04-02 06:35:03.2902,E:566,4,7.11,,"6999,8302,4626,4668"
2015-04-02 06:33:44.067,E:566,5,7.1,,"6999,146,6999,8767"
2015-04-02 06:35:12.2066,E:566,0,7.15,,"6999,151,3456,5467,1198,3456,1197,3449,4085,3457,1198,3454"
2015-04-02 06:35:12.1172,E:566,1,7.14,,"3456,3457,2447,2311,3454,3456,3449,6999,229"
2015-04-02 06:33:44.067,E:566,2,7.13,,"3457,3455,7385,3176,3077"
2015-04-02 06:33:48.9042,E:566,3,7.12,,"9053,5889"
2015-04-02 06:35:03.2902,E:566,4,7.11,,"6999,8302,4626,4668"
2015-04-02 06:33:44.067,E:566,5,7.1,,"6999,146,6999"
2015-04-02 06:35:12.0996,E:566,0,,7.17,"3345,3267,5468"
2015-04-02 06:33:28.2748,E:566,1,,7.18,"6310,5525,6825,6728,2310,6579,8577,6387,5838,3269"
2015-04-02 06:35:12.1116,E:566,2,,7.19,"1298,1799,6999,5838,103,2311,2311,2311,1799,2310"
2015-04-02 06:30:41.9695,E:566,3,,7.2,"8119,8118,5838,5129,8578,1799,2310,8337,8176,6999,4589,9047,8577,8127"
2015-04-02 06:35:12.0996,E:566,0,,7.17,"3345,3267,3346"
2015-04-02 06:33:28.2748,E:566,1,,7.18,"6310,5525,6825,6728,2310,6579,8577,6387,5838,3269"
2015-04-02 06:35:12.1116,E:566,2,,7.19,"1298,1799,6999,5838,103,2311,2311,2311,1799,2310,3347"
2015-04-02 06:30:41.9695,E:566,3,,7.2,"8119,8118,5838,5129,8578,1799,2310,8337,8176,6999,4589,9047,8577"
2015-04-02 06:35:12.0996,E:566,0,,7.17,"3345,3267,3346"
2015-04-02 06:33:28.2748,E:566,1,,7.18,"6310,5525,6825,6728,2310,6579,8577,6387,5838,3269"
2015-04-02 06:35:12.1116,E:566,2,,7.19,"1298,1799,6999,5838,103,2311,2311,2311,1799,2310,3347,3265"
2015-04-02 06:30:41.9695,E:566,3,,7.2,"8119,8118,5838,5129,8578,1799,2310,8337,8176,6999,4589,9047"
2015-04-02 06:35:12.2066,E:566,0,7.15,,"6999,151,3456,5467,1198,3456,1197,3449,4085,3457,1198,3454"
2015-04-02 06:35:12.1172,E:566,1,7.14,,"3456,3457,2447,2311,3454,3456,3449,6999,229"
2015-04-02 06:33:44.067,E:566,2,7.13,,"3457,3455,7385,3176,3077"
2015-04-02 06:33:48.9042,E:566,3,7.12,,"9053,5889"
2015-04-02 06:35:23.0842,E:566,4,7.11,,"6999,8302,4626,4668,4686"
2015-04-02 06:33:44.067,E:566,5,7.1,,"6999,146"
2015-04-02 06:35:24.1938,E:566,0,7.15,,"6999,151,3456,5467,1198,3456,1197,3449,4085,3457,1198,3454,8047"
2015-04-02 06:35:12.1172,E:566,1,7.14,,"3456,3457,2447,2311,3454,3456,3449,6999,229"
2015-04-02 06:33:44.067,E:566,2,7.13,,"3457,3455,7385,3176,3077"
2015-04-02 06:33:48.9042,E:566,3,7.12,,"9053,5889"
2015-04-02 06:35:23.0842,E:566,4,7.11,,"6999,8302,4626,4668,4686"
2015-04-02 06:33:44.067,E:566,5,7.1,,6999
2015-04-02 06:35:25.2219,E:566,0,,7.17,"3345,3267,3346,3345"
2015-04-02 06:33:28.2748,E:566,1,,7.18,"6310,5525,6825,6728,2310,6579,8577,6387,5838,3269"
2015-04-02 06:35:12.1116,E:566,2,,7.19,"1298,1799,6999,5838,103,2311,2311,2311,1799,2310,3347,3265"
2015-04-02 06:30:41.9695,E:566,3,,7.2,"8119,8118,5838,5129,8578,1799,2310,8337,8176,6999,4589"
2015-04-02 06:35:26.4601,E:566,0,7.15,,"6999,151,3456,5467,1198,3456,1197,3449,4085,3457,1198,3454,8047,229"
2015-04-02 06:35:26.3499,E:566,1,7.14,,"3456,3457,2447,2311,3454,3456,3449,6999"
2015-04-02 06:33:44.067,E:566,2,7.13,,"3457,3455,7385,3176,3077"
2015-04-02 06:33:48.9042,E:566,3,7.12,,"9053,5889"
2015-04-02 06:35:23.0842,E:566,4,7.11,,"6999,8302,4626,4668,4686"
2015-04-02 06:33:44.067,E:566,5,7.1,,6999
2015-04-02 06:35:26.4601,E:566,0,7.15,,"6999,151,3456,5467,1198,3456,1197,3449,4085,3457,1198,3454,8047,229,1197"
2015-04-02 06:35:26.3499,E:566,1,7.14,,"3456,3457,2447,2311,3454,3456,3449,6999"
2015-04-02 06:33:44.067,E:566,2,7.13,,"3457,3455,7385,3176,3077"
2015-04-02 06:33:48.9042,E:566,3,7.12,,"9053,5889"
2015-04-02 06:35:23.0842,E:566,4,7.11,,"6999,8302,4626,4668,4686"
2015-04-02 06:35:27.4741,E:566,0,,7.17,"3345,3267,3345"
2015-04-02 06:33:28.2748,E:566,1,,7.18,"6310,5525,6825,6728,2310,6579,8577,6387,5838,3269"
2015-04-02 06:35:12.1116,E:566,2,,7.19,"1298,1799,6999,5838,103,2311,2311,2311,1799,2310,3347,3265"
2015-04-02 06:30:41.9695,E:566,3,,7.2,"8119,8118,5838,5129,8578,1799,2310,8337,8176,6999,4589,9047"
2015-04-02 06:35:26.4601,E:566,0,7.15,,"6999,151,3456,5467,1198,3456,1197,3449,4085,3457,1198,3454,8047,229,1197"
2015-04-02 06:35:26.3499,E:566,1,7.14,,"3456,3457,2447,2311,3454,3456,3449,6999"
2015-04-02 06:35:28.374,E:566,2,7.13,,"3457,3455,7385,3176,3077,6389"
2015-04-02 06:33:48.9042,E:566,3,7.12,,"9053,5889"
2015-04-02 06:35:23.0842,E:566,4,7.11,,"6999,8302,4626,4668,4686"
2015-04-02 06:35:26.4601,E:566,0,7.15,,"6999,151,3456,5467,1198,3456,1197,3449,4085,3457,1198,3454,8047,229,1197"
2015-04-02 06:35:26.3499,E:566,1,7.14,,"3456,3457,2447,2311,3454,3456,3449,6999"
2015-04-02 06:35:28.374,E:566,2,7.13,,"3457,3455,7385,3176,3077,6389"
2015-04-02 06:35:30.6706,E:566,3,7.12,,5889
2015-04-02 06:35:23.0842,E:566,4,7.11,,"6999,8302,4626,4668,4686"
2015-04-02 06:35:30.7349,E:566,0,,7.17,"3345,3267,3345"
2015-04-02 06:35:31.0693,E:566,1,,7.18,"6310,5525,6825,6728,2310,6579,8577,5838,3269"
2015-04-02 06:35:12.1116,E:566,2,,7.19,"1298,1799,6999,5838,103,2311,2311,2311,1799,2310,3347,3265"
2015-04-02 06:30:41.9695,E:566,3,,7.2,"8119,8118,5838,5129,8578,1799,2310,8337,8176,6999,4589,9047,8577"
2015-04-02 06:35:34.4754,E:566,0,7.15,,"6999,151,3456,5467,1198,3456,1197,3449,4085,3457,3454,8047,229,1197"
2015-04-02 06:35:26.3499,E:566,1,7.14,,"3456,3457,2447,2311,3454,3456,3449,6999"
2015-04-02 06:35:28.374,E:566,2,7.13,,"3457,3455,7385,3176,3077,6389"
2015-04-02 06:35:30.6706,E:566,3,7.12,,5889
2015-04-02 06:35:23.0842,E:566,4,7.11,,"6999,8302,4626,4668,4686"
2015-04-02 06:33:44.067,E:566,5,7.1,,6999
2015-04-02 06:35:34.4754,E:566,0,,7.17,"3267,3345"
2015-04-02 06:35:31.0693,E:566,1,,7.18,"6310,5525,6825,6728,2310,6579,8577,5838,3269"
2015-04-02 06:35:12.1116,E:566,2,,7.19,"1298,1799,6999,5838,103,2311,2311,2311,1799,2310,3347,3265"
2015-04-02 06:30:41.9695,E:566,3,,7.2,"8119,8118,5838,5129,8578,1799,2310,8337,8176,6999,4589,9047,8577,8127"
2015-04-02 06:35:43.5156,E:566,0,,7.17,"3267,3345,2014"
2015-04-02 06:35:31.0693,E:566,1,,7.18,"6310,5525,6825,6728,2310,6579,8577,5838,3269"
2015-04-02 06:35:12.1116,E:566,2,,7.19,"1298,1799,6999,5838,103,2311,2311,2311,1799,2310,3347,3265"
2015-04-02 06:30:41.9695,E:566,3,,7.2,"8119,8118,5838,5129,8578,1799,2310,8337,8176,6999,4589,9047,8577"
2015-04-02 06:35:51.8959,E:566,0,7.15,,"151,3456,5467,1198,3456,1197,3449,4085,3457,3454,8047,229,1197"
2015-04-02 06:35:26.3499,E:566,1,7.14,,"3456,3457,2447,2311,3454,3456,3449,6999"
2015-04-02 06:35:28.374,E:566,2,7.13,,"3457,3455,7385,3176,3077,6389"
2015-04-02 06:35:30.6706,E:566,3,7.12,,5889
2015-04-02 06:35:23.0842,E:566,4,7.11,,"6999,8302,4626,4668,4686"
2015-04-02 06:33:44.067,E:566,5,7.1,,"6999,146"
2015-04-02 06:36:00.1366,E:566,0,7.15,,"151,3456,5467,1198,3456,1197,3449,4085,3457,3454,8047,229,1197,4087"
2015-04-02 06:35:26.3499,E:566,1,7.14,,"3456,3457,2447,2311,3454,3456,3449,6999"
2015-04-02 06:35:28.374,E:566,2,7.13,,"3457,3455,7385,3176,3077,6389"
2015-04-02 06:35:30.6706,E:566,3,7.12,,5889
2015-04-02 06:35:23.0842,E:566,4,7.11,,"6999,8302,4626,4668,4686"
2015-04-02 06:35:56.9913,E:566,5,7.1,,6999
2015-04-02 06:36:03.223,E:566,0,7.17,,4087
2015-04-02 06:36:03.3739,E:566,1,7.16,,"151,3456,5467,1198,3456,1197,3449,4085,3457,3454,8047,229,1197"
2015-04-02 06:36:03.3803,E:566,2,7.15,,"3456,3457,2447,2311,3454,3456,3449,6999"
2015-04-02 06:36:03.4022,E:566,3,7.14,,"3457,3455,7385,3176,3077,6389"
2015-04-02 06:36:03.3143,E:566,4,7.13,,5889
2015-04-02 06:35:30.6706,E:566,5,7.12,,"6999,8302,4626,4668"
2015-04-02 06:36:03.223,E:566,0,7.17,,4087
2015-04-02 06:36:03.3739,E:566,1,7.16,,"151,3456,5467,1198,3456,1197,3449,4085,3457,3454,8047,229,1197,6386"
2015-04-02 06:36:03.3803,E:566,2,7.15,,"3456,3457,2447,2311,3454,3456,3449,6999"
2015-04-02 06:36:03.4022,E:566,3,7.14,,"3457,3455,7385,3176,3077,6389"
2015-04-02 06:36:03.3143,E:566,4,7.13,,5889
2015-04-02 06:35:30.6706,E:566,5,7.12,,"6999,8302,4626"
2015-04-02 06:36:03.223,E:566,0,7.17,,4087
2015-04-02 06:36:03.3739,E:566,1,7.16,,"151,3456,5467,1198,3456,1197,3449,4085,3457,3454,8047,229,1197,6386"
2015-04-02 06:36:03.3803,E:566,2,7.15,,"3456,3457,2447,2311,3454,3456,3449,6999"
2015-04-02 06:36:03.4022,E:566,3,7.14,,"3457,7385,3176,3077,6389"
2015-04-02 06:36:03.3143,E:566,4,7.13,,5889
2015-04-02 06:35:30.6706,E:566,5,7.12,,"6999,8302,4626,4668"
2015-04-02 06:36:03.223,E:566,0,7.17,,4087
2015-04-02 06:36:03.3739,E:566,1,7.16,,"151,3456,5467,1198,3456,1197,3449,4085,3457,3454,8047,229,1197,6386"
2015-04-02 06:36:03.3803,E:566,2,7.15,,"3456,3457,2447,2311,3454,3456,3449,6999"
2015-04-02 06:36:03.4022,E:566,3,7.14,,"7385,3176,3077,6389"
2015-04-02 06:36:03.3143,E:566,4,7.13,,5889
2015-04-02 06:35:30.6706,E:566,5,7.12,,"6999,8302,4626,4668,4686"
2015-04-02 06:36:03.223,E:566,0,7.17,,4087
2015-04-02 06:36:03.3739,E:566,1,7.16,,3456
2015-04-02 06:36:03.3803,E:566,2,7.15,,"151,3456,5467,1198,1197,3449,4085,3457,8047,229,1197,6386"
2015-04-02 06:36:03.4022,E:566,3,7.14,,"3456,3457,2447,2311,3454,3456,3449,6999"
2015-04-02 06:36:03.3143,E:566,4,7.13,,"7385,3176,3077,6389"
2015-04-02 06:35:30.6706,E:566,5,7.12,,5889
2015-04-02 06:35:23.0842,E:566,6,7.11,,"6999,8302,4626,4668,4686"
2015-04-02 06:35:56.9913,E:566,7,7.1,,6999
2015-04-02 06:36:03.223,E:566,0,7.17,,4087
2015-04-02 06:36:03.3739,E:566,1,7.16,,3456
2015-04-02 06:36:03.3803,E:566,2,7.15,,"151,3456,5467,1198,1197,3449,4085,3457,8047,229,1197,6386"
2015-04-02 06:36:03.4022,E:566,3,7.14,,"3456,3457,2447,2311,3449,6999"
2015-04-02 06:36:03.3143,E:566,4,7.13,,"7385,3176,3077,6389"
2015-04-02 06:35:30.6706,E:566,5,7.12,,5889
2015-04-02 06:35:23.0842,E:566,6,7.11,,"6999,8302,4626,4668,4686"
2015-04-02 06:35:56.9913,E:566,7,7.1,,"6999,146,6999"
2015-04-02 06:36:03.223,E:566,0,7.17,,4087
2015-04-02 06:36:03.3739,E:566,1,7.16,,3456
2015-04-02 06:36:03.3803,E:566,2,7.15,,"151,3456,5467,1198,1197,3449,4085,3457,8047,229,1197,6386"
2015-04-02 06:36:03.4022,E:566,3,7.14,,"3457,2447,2311,3449,6999"
2015-04-02 06:36:03.3143,E:566,4,7.13,,"7385,3176,3077,6389"
2015-04-02 06:35:30.6706,E:566,5,7.12,,5889
2015-04-02 06:35:23.0842,E:566,6,7.11,,"6999,8302,4626,4668,4686"
2015-04-02 06:35:56.9913,E:566,7,7.1,,"6999,146,6999,8767"
2015-04-02 06:36:03.223,E:566,0,,7.18,"6310,5525,6825,6728,2310,6579,8577,5838,3269"
2015-04-02 06:36:03.2425,E:566,1,,7.19,"1298,1799,6999,5838,103,2311,2311,2311,1799,2310,3347,3265"
2015-04-02 06:36:03.2363,E:566,2,,7.2,"8119,8118,5838,5129,8578,1799,2310,8337,8176,6999,4589,9047,8577,8127,4628,1274,9063"
2015-04-02 06:36:03.223,E:566,0,,7.18,"6310,5525,6825,6728,2310,6579,8577,5838,3269"
2015-04-02 06:36:03.2425,E:566,1,,7.19,"1298,1799,6999,5838,103,2311,2311,2311,1799,2310,3347,3265,6389"
2015-04-02 06:36:03.2363,E:566,2,,7.2,"8119,8118,5838,5129,8578,1799,2310,8337,8176,6999,4589,9047,8577,8127,4628,1274"
2015-04-02 06:36:03.223,E:566,0,7.17,,4087
2015-04-02 06:36:03.3739,E:566,1,7.16,,3456
2015-04-02 06:36:04.6587,E:566,2,7.15,,"151,3456,5467,1198,1197,3449,4085,3457,8047,1197,6386"
2015-04-02 06:36:03.4022,E:566,3,7.14,,"3457,2447,2311,3449,6999"
2015-04-02 06:36:04.6587,E:566,4,7.13,,"7385,3176,3077"
2015-04-02 06:35:30.6706,E:566,5,7.12,,5889
2015-04-02 06:35:23.0842,E:566,6,7.11,,"6999,8302,4626,4668,4686"
2015-04-02 06:35:56.9913,E:566,7,7.1,,"6999,146,6999,8767,9063,8135"
2015-04-02 06:36:05.1761,E:566,0,7.17,,"4087,8047"
2015-04-02 06:36:03.3739,E:566,1,7.16,,3456
2015-04-02 06:36:05.1761,E:566,2,7.15,,"151,3456,5467,1198,1197,3449,4085,3457,1197,6386"
2015-04-02 06:36:03.4022,E:566,3,7.14,,"3457,2447,2311,3449,6999"
2015-04-02 06:36:04.6587,E:566,4,7.13,,"7385,3176,3077"
2015-04-02 06:35:30.6706,E:566,5,7.12,,5889
2015-04-02 06:35:23.0842,E:566,6,7.11,,"6999,8302,4626,4668,4686"
2015-04-02 06:35:56.9913,E:566,7,7.1,,"6999,146,6999,8767,9063,8135"
2015-04-02 06:36:05.1761,E:566,0,7.17,,"4087,8047"
2015-04-02 06:36:03.3739,E:566,1,7.16,,3456
2015-04-02 06:36:14.1389,E:566,2,7.15,,"151,3456,5467,1198,1197,3449,4085,3457,1197,6386,3077"
2015-04-02 06:36:03.4022,E:566,3,7.14,,"3457,2447,2311,3449,6999"
2015-04-02 06:36:14.1389,E:566,4,7.13,,"7385,3176"
2015-04-02 06:35:30.6706,E:566,5,7.12,,5889
2015-04-02 06:35:23.0842,E:566,6,7.11,,"6999,8302,4626,4668,4686"
2015-04-02 06:35:56.9913,E:566,7,7.1,,"6999,146,6999,8767,9063,8135"
2015-04-02 06:36:19.4808,E:566,0,7.17,,"4087,8047,4085"
2015-04-02 06:36:03.3739,E:566,1,7.16,,3456
2015-04-02 06:36:19.4808,E:566,2,7.15,,"151,3456,5467,1198,1197,3449,3457,1197,6386,3077"
2015-04-02 06:36:03.4022,E:566,3,7.14,,"3457,2447,2311,3449,6999"
2015-04-02 06:36:14.1389,E:566,4,7.13,,"7385,3176"
2015-04-02 06:35:30.6706,E:566,5,7.12,,5889
2015-04-02 06:35:23.0842,E:566,6,7.11,,"6999,8302,4626,4668,4686"
2015-04-02 06:35:56.9913,E:566,7,7.1,,"6999,146,6999,8767,9063,8135"
2015-04-02 06:36:20.6704,E:566,0,,7.18,"6310,5525,6825,6728,2310,6579,8577,5838,3269,4087"
2015-04-02 06:36:03.2425,E:566,1,,7.19,"1298,1799,6999,5838,103,2311,2311,2311,1799,2310,3347,3265,6389"
2015-04-02 06:36:03.2363,E:566,2,,7.2,"8119,8118,5838,5129,8578,1799,2310,8337,8176,6999,4589,9047,8577,8127,4628"
2015-04-02 06:36:28.2326,E:566,0,7.17,,"4087,8047,4085,1197"
2015-04-02 06:36:03.3739,E:566,1,7.16,,3456
2015-04-02 06:36:28.2326,E:566,2,7.15,,"151,3456,5467,1198,1197,3449,3457,6386,3077"
2015-04-02 06:36:03.4022,E:566,3,7.14,,"3457,2447,2311,3449,6999"
2015-04-02 06:36:14.1389,E:566,4,7.13,,"7385,3176"
2015-04-02 06:35:30.6706,E:566,5,7.12,,5889
2015-04-02 06:35:23.0842,E:566,6,7.11,,"6999,8302,4626,4668,4686"
2015-04-02 06:35:56.9913,E:566,7,7.1,,"6999,146,6999,8767,9063,8135"
2015-04-02 06:36:30.5015,E:566,0,7.17,,"4087,8047,4085,1197,5336"
2015-04-02 06:36:03.3739,E:566,1,7.16,,3456
2015-04-02 06:36:28.2326,E:566,2,7.15,,"151,3456,5467,1198,1197,3449,3457,6386,3077"
2015-04-02 06:36:03.4022,E:566,3,7.14,,"3457,2447,2311,3449,6999"
2015-04-02 06:36:14.1389,E:566,4,7.13,,"7385,3176"
2015-04-02 06:35:30.6706,E:566,5,7.12,,5889
2015-04-02 06:35:23.0842,E:566,6,7.11,,"6999,8302,4626,4668,4686"
2015-04-02 06:35:56.9913,E:566,7,7.1,,"6999,146,6999,8767,9063"
2015-04-02 06:36:32.3462,E:566,0,7.17,,"4087,8047,4085,1197,5336,1198"
2015-04-02 06:36:03.3739,E:566,1,7.16,,3456
2015-04-02 06:36:32.0543,E:566,2,7.15,,"151,3456,5467,1197,3449,3457,6386,3077"
2015-04-02 06:36:03.4022,E:566,3,7.14,,"3457,2447,2311,3449,6999"
2015-04-02 06:36:14.1389,E:566,4,7.13,,"7385,3176"
2015-04-02 06:35:30.6706,E:566,5,7.12,,5889
2015-04-02 06:35:23.0842,E:566,6,7.11,,"6999,8302,4626,4668,4686"
2015-04-02 06:35:56.9913,E:566,7,7.1,,"6999,146,6999,8767,9063"
2015-04-02 06:36:32.3462,E:566,0,7.17,,"4087,8047,4085,1197,5336,1198,1197"
2015-04-02 06:36:03.3739,E:566,1,7.16,,3456
2015-04-02 06:36:32.0543,E:566,2,7.15,,"151,3456,5467,1197,3449,3457,6386,3077"
2015-04-02 06:36:03.4022,E:566,3,7.14,,"3457,2447,2311,3449,6999"
2015-04-02 06:36:14.1389,E:566,4,7.13,,"7385,3176"
2015-04-02 06:35:30.6706,E:566,5,7.12,,5889
2015-04-02 06:35:23.0842,E:566,6,7.11,,"6999,8302,4626,4668,4686"
2015-04-02 06:35:56.9913,E:566,7,7.1,,"6999,146,6999,8767"
2015-04-02 06:36:32.0719,E:566,0,,7.18,"6310,5525,6825,6728,2310,6579,8577,5838,3269,4087,3266"
2015-04-02 06:36:03.2425,E:566,1,,7.19,"1298,1799,6999,5838,103,2311,2311,2311,1799,2310,3347,3265,6389"
2015-04-02 06:36:32.0617,E:566,2,,7.2,"8119,8118,5838,5129,8578,1799,2310,8337,8176,6999,4589,9047,8577,8127"
2015-04-02 06:36:32.3462,E:566,0,7.17,,"4087,8047,4085,1197,5336,1198,1197"
2015-04-02 06:36:03.3739,E:566,1,7.16,,3456
2015-04-02 06:36:32.0543,E:566,2,7.15,,"151,3456,5467,1197,3449,3457,6386,3077"
2015-04-02 06:36:33.0721,E:566,3,7.14,,"3457,2447,2311,3449,6999,9059"
2015-04-02 06:36:14.1389,E:566,4,7.13,,"7385,3176"
2015-04-02 06:35:30.6706,E:566,5,7.12,,5889
2015-04-02 06:35:23.0842,E:566,6,7.11,,"6999,8302,4626,4668,4686"
2015-04-02 06:35:56.9913,E:566,7,7.1,,"6999,146,6999"
2015-04-02 06:36:32.3462,E:566,0,7.17,,"4087,8047,4085,1197,5336,1198,1197"
2015-04-02 06:36:03.3739,E:566,1,7.16,,3456
2015-04-02 06:36:42.9021,E:566,2,7.15,,"151,3456,5467,1197,3449,3457,6386,3077,8167"
2015-04-02 06:36:33.0721,E:566,3,7.14,,"3457,2447,2311,3449,6999,9059"
2015-04-02 06:36:14.1389,E:566,4,7.13,,"7385,3176"
2015-04-02 06:35:30.6706,E:566,5,7.12,,5889
2015-04-02 06:35:23.0842,E:566,6,7.11,,"6999,8302,4626,4668,4686"
2015-04-02 06:35:56.9913,E:566,7,7.1,,"6999,146"
2015-04-02 06:36:32.3462,E:566,0,7.17,,"4087,8047,4085,1197,5336,1198,1197"
2015-04-02 06:36:46.6861,E:566,1,7.16,,"3456,3449"
2015-04-02 06:36:42.9021,E:566,2,7.15,,"151,3456,5467,1197,3449,3457,6386,3077,8167"
2015-04-02 06:36:33.0721,E:566,3,7.14,,"3457,2447,2311,3449,6999,9059"
2015-04-02 06:36:14.1389,E:566,4,7.13,,"7385,3176"
2015-04-02 06:35:30.6706,E:566,5,7.12,,5889
2015-04-02 06:35:23.0842,E:566,6,7.11,,"6999,8302,4626,4668,4686"
2015-04-02 06:35:56.9913,E:566,7,7.1,,6999
2015-04-02 06:36:55.154,E:566,0,7.17,,"4087,8047,4085,1197,5336,1198,1197"
2015-04-02 06:36:56.5878,E:566,1,7.16,,"3456,3449,5467"
2015-04-02 06:36:42.9021,E:566,2,7.15,,"151,3456,5467,1197,3449,3457,6386,3077,8167"
2015-04-02 06:36:33.0721,E:566,3,7.14,,"3457,2447,2311,3449,6999,9059"
2015-04-02 06:36:14.1389,E:566,4,7.13,,"7385,3176"
2015-04-02 06:35:30.6706,E:566,5,7.12,,5889
2015-04-02 06:35:23.0842,E:566,6,7.11,,"6999,8302,4626,4668,4686"
2015-04-02 06:36:57.1649,E:566,0,7.17,,"4087,8047,4085,1197,5336,1198,1197,1197"
2015-04-02 06:36:56.5878,E:566,1,7.16,,"3456,3449,5467"
2015-04-02 06:36:57.0623,E:566,2,7.15,,"151,3456,5467,3449,3457,6386,3077,8167"
2015-04-02 06:36:33.0721,E:566,3,7.14,,"3457,2447,2311,3449,6999,9059"
2015-04-02 06:36:14.1389,E:566,4,7.13,,"7385,3176"
2015-04-02 06:35:30.6706,E:566,5,7.12,,5889
2015-04-02 06:35:23.0842,E:566,6,7.11,,"6999,8302,4626,4668,4686"
2015-04-02 06:36:57.1649,E:566,0,7.17,,"4087,8047,4085,1197,5336,1198,1197,1197,3456"
2015-04-02 06:36:56.5878,E:566,1,7.16,,"3456,3449,5467"
2015-04-02 06:36:57.0623,E:566,2,7.15,,"151,3456,5467,3449,3457,6386,3077,8167"
2015-04-02 06:36:33.0721,E:566,3,7.14,,"3457,2447,2311,3449,6999,9059"
2015-04-02 06:36:14.1389,E:566,4,7.13,,"7385,3176"
2015-04-02 06:35:30.6706,E:566,5,7.12,,5889
2015-04-02 06:35:23.0842,E:566,6,7.11,,"6999,8302,4626,4668,4686"
2015-04-02 06:36:57.1649,E:566,0,7.17,,"4087,8047,4085,1197,5336,1198,1197,1197,3456"
2015-04-02 06:36:58.4464,E:566,1,7.16,,"3456,3449,5467,3457"
2015-04-02 06:36:57.0623,E:566,2,7.15,,"151,3456,5467,3449,3457,6386,3077,8167"
2015-04-02 06:36:33.0721,E:566,3,7.14,,"3457,2447,2311,3449,6999,9059"
2015-04-02 06:36:14.1389,E:566,4,7.13,,"7385,3176"
2015-04-02 06:35:30.6706,E:566,5,7.12,,5889
2015-04-02 06:35:23.0842,E:566,6,7.11,,"6999,8302,4626,4668"
2015-04-02 06:37:03.4585,E:566,0,7.17,,"4087,8047,4085,1197,5336,1198,1197,1197,3456,1198"
2015-04-02 06:36:58.4464,E:566,1,7.16,,"3456,3449,5467,3457"
2015-04-02 06:36:57.0623,E:566,2,7.15,,"151,3456,5467,3449,3457,6386,3077,8167"
2015-04-02 06:36:33.0721,E:566,3,7.14,,"3457,2447,2311,3449,6999,9059"
2015-04-02 06:36:14.1389,E:566,4,7.13,,"7385,3176"
2015-04-02 06:35:30.6706,E:566,5,7.12,,5889
2015-04-02 06:35:23.0842,E:566,6,7.11,,"6999,8302,4626"
2015-04-02 06:37:32.5817,E:566,0,7.17,,"4087,8047,4085,1197,5336,1198,1197,1197,3456,1198,1197"
2015-04-02 06:36:58.4464,E:566,1,7.16,,"3456,3449,5467,3457"
2015-04-02 06:36:57.0623,E:566,2,7.15,,"151,3456,5467,3449,3457,6386,3077,8167"
2015-04-02 06:36:33.0721,E:566,3,7.14,,"3457,2447,2311,3449,6999,9059"
2015-04-02 06:36:14.1389,E:566,4,7.13,,"7385,3176"
2015-04-02 06:35:30.6706,E:566,5,7.12,,5889
2015-04-02 06:35:23.0842,E:566,6,7.11,,"6999,8302"
2015-04-02 06:37:43.823,E:566,0,,7.18,"6310,5525,6825,6728,2310,6579,8577,5838,3269,4087,3266"
2015-04-02 06:37:43.8303,E:566,1,,7.19,"1298,1799,6999,5838,103,2311,2311,2311,1799,2310,3347,6389"
2015-04-02 06:36:55.1658,E:566,2,,7.2,"8119,8118,5838,5129,8578,1799,2310,8337,8176,6999,4589,9047,8577,8127,4628"
2015-04-02 06:37:51.2753,E:566,0,,7.18,"6310,5525,6825,6728,2310,6579,8577,5838,3269,4087,3266,4087"
2015-04-02 06:37:43.8303,E:566,1,,7.19,"1298,1799,6999,5838,103,2311,2311,2311,1799,2310,3347,6389"
2015-04-02 06:36:55.1658,E:566,2,,7.2,"8119,8118,5838,5129,8578,1799,2310,8337,8176,6999,4589,9047,8577,8127"
2015-04-02 06:37:55.7156,E:566,0,7.17,,"8047,4085,1197,5336,1198,1197,1197,3456,1198,1197"
2015-04-02 06:36:58.4464,E:566,1,7.16,,"3456,3449,5467,3457"
2015-04-02 06:36:57.0623,E:566,2,7.15,,"151,3456,5467,3449,3457,6386,3077,8167"
2015-04-02 06:36:33.0721,E:566,3,7.14,,"3457,2447,2311,3449,6999,9059"
2015-04-02 06:36:14.1389,E:566,4,7.13,,"7385,3176"
2015-04-02 06:35:30.6706,E:566,5,7.12,,5889
2015-04-02 06:35:23.0842,E:566,6,7.11,,"6999,8302,4626"
2015-04-02 06:38:04.2079,E:566,0,7.17,,"8047,4085,1197,5336,1198,1197,1197,3456,1198,1197,1198"
2015-04-02 06:36:58.4464,E:566,1,7.16,,"3456,3449,5467,3457"
2015-04-02 06:36:57.0623,E:566,2,7.15,,"151,3456,5467,3449,3457,6386,3077,8167"
2015-04-02 06:36:33.0721,E:566,3,7.14,,"3457,2447,2311,3449,6999,9059"
2015-04-02 06:36:14.1389,E:566,4,7.13,,"7385,3176"
2015-04-02 06:35:30.6706,E:566,5,7.12,,5889
2015-04-02 06:35:23.0842,E:566,6,7.11,,"6999,8302"
2015-04-02 06:38:04.2079,E:566,0,7.17,,"8047,4085,1197,5336,1198,1197,1197,3456,1198,1197,1198"
2015-04-02 06:38:16.6532,E:566,1,7.16,,"3456,3449,5467,3457,6999"
2015-04-02 06:36:57.0623,E:566,2,7.15,,"151,3456,5467,3449,3457,6386,3077,8167"
2015-04-02 06:36:33.0721,E:566,3,7.14,,"3457,2447,2311,3449,6999,9059"
2015-04-02 06:36:14.1389,E:566,4,7.13,,"7385,3176"
2015-04-02 06:35:30.6706,E:566,5,7.12,,5889
2015-04-02 06:35:23.0842,E:566,6,7.11,,6999
2015-04-02 06:38:23.5512,E:566,0,7.17,,"8047,4085,1197,5336,1198,1197,1197,3456,1198,1198"
2015-04-02 06:38:16.6532,E:566,1,7.16,,"3456,3449,5467,3457,6999"
2015-04-02 06:36:57.0623,E:566,2,7.15,,"151,3456,5467,3449,3457,6386,3077,8167"
2015-04-02 06:36:33.0721,E:566,3,7.14,,"3457,2447,2311,3449,6999,9059"
2015-04-02 06:36:14.1389,E:566,4,7.13,,"7385,3176"
2015-04-02 06:35:30.6706,E:566,5,7.12,,5889
2015-04-02 06:35:23.0842,E:566,6,7.11,,"6999,8302"
2015-04-02 06:38:27.3117,E:566,0,,7.18,"5838,3269,4087,3266,4087"
2015-04-02 06:37:43.8303,E:566,1,,7.19,"1298,1799,6999,5838,103,2311,2311,2311,1799,2310,3347,6389"
2015-04-02 06:36:55.1658,E:566,2,,7.2,"8119,8118,5838,5129,8578,1799,2310,8337,8176,6999,4589,9047,8577,8127,4628,1274,9063,6128,1799,2868,8117"
2015-04-02 06:38:29.2217,E:566,0,7.17,,"8047,4085,1197,5336,1198,1197,1197,3456,1198,1198,1197"
2015-04-02 06:38:16.6532,E:566,1,7.16,,"3456,3449,5467,3457,6999"
2015-04-02 06:36:57.0623,E:566,2,7.15,,"151,3456,5467,3449,3457,6386,3077,8167"
2015-04-02 06:36:33.0721,E:566,3,7.14,,"3457,2447,2311,3449,6999,9059"
2015-04-02 06:36:14.1389,E:566,4,7.13,,"7385,3176"
2015-04-02 06:35:30.6706,E:566,5,7.12,,5889
2015-04-02 06:35:23.0842,E:566,6,7.11,,6999
2015-04-02 06:38:30.6342,E:566,0,7.17,,"8047,4085,1197,5336,1198,1197,1197,3456,1198,1198,1197,3455"
2015-04-02 06:38:16.6532,E:566,1,7.16,,"3456,3449,5467,3457,6999"
2015-04-02 06:36:57.0623,E:566,2,7.15,,"151,3456,5467,3449,3457,6386,3077,8167"
2015-04-02 06:36:33.0721,E:566,3,7.14,,"3457,2447,2311,3449,6999,9059"
2015-04-02 06:36:14.1389,E:566,4,7.13,,"7385,3176"
2015-04-02 06:35:30.6706,E:566,5,7.12,,5889
2015-04-02 06:38:33.0908,E:566,0,,7.18,"5838,3269,4087,3266,4087,8184"
2015-04-02 06:37:43.8303,E:566,1,,7.19,"1298,1799,6999,5838,103,2311,2311,2311,1799,2310,3347,6389"
2015-04-02 06:36:55.1658,E:566,2,,7.2,"8119,8118,5838,5129,8578,1799,2310,8337,8176,6999,4589,9047,8577,8127,4628,1274,9063,6128,1799,2868"
2015-04-02 06:38:47.7377,E:566,0,7.17,,"8047,4085,1197,5336,1198,1197,1197,3456,1198,1198,1197,3455,3456"
2015-04-02 06:38:16.6532,E:566,1,7.16,,"3456,3449,5467,3457,6999"
2015-04-02 06:36:57.0623,E:566,2,7.15,,"151,3456,5467,3449,3457,6386,3077,8167"
2015-04-02 06:36:33.0721,E:566,3,7.14,,"3457,2447,2311,3449,6999,9059"
2015-04-02 06:36:14.1389,E:566,4,7.13,,"7385,3176"
2015-04-02 06:38:51.2674,E:566,5,7.12,,5889
2015-04-02 06:38:47.7377,E:566,0,7.17,,"8047,4085,1197,5336,1198,1197,1197,3456,1198,1198,1197,3455,3456,3457"
2015-04-02 06:38:16.6532,E:566,1,7.16,,"3456,3449,5467,3457,6999"
2015-04-02 06:38:55.2063,E:566,2,7.15,,"151,3456,5467,3449,3457,6386,3077,8167"
2015-04-02 06:36:33.0721,E:566,3,7.14,,"3457,2447,2311,3449,6999,9059"
2015-04-02 06:36:14.1389,E:566,4,7.13,,"7385,3176"
2015-04-02 06:38:46.8716,E:566,0,,7.18,"5838,3269,4087,3266,8184"
2015-04-02 06:37:43.8303,E:566,1,,7.19,"1298,1799,6999,5838,103,2311,2311,2311,1799,2310,3347,6389"
2015-04-02 06:36:55.1658,E:566,2,,7.2,"8119,8118,5838,5129,8578,1799,2310,8337,8176,6999,4589,9047,8577,8127,4628,1274,9063,6128,1799,2868,8117"
2015-04-02 06:38:47.7377,E:566,0,7.17,,"8047,4085,1197,5336,1198,1197,1197,3456,1198,1198,1197,3455,3456,3457"
2015-04-02 06:38:16.6532,E:566,1,7.16,,"3456,3449,5467,3457,6999"
2015-04-02 06:38:55.2063,E:566,2,7.15,,"151,3456,5467,3449,3457,6386,3077,8167,3456"
2015-04-02 06:36:33.0721,E:566,3,7.14,,"3457,2447,2311,3449,6999,9059"
2015-04-02 06:36:14.1389,E:566,4,7.13,,"7385,3176"
2015-04-02 06:39:05.4685,E:566,0,7.17,,"8047,4085,1197,5336,1198,1197,1197,3456,1198,1198,1197,3455,3456,3457,4087"
2015-04-02 06:38:16.6532,E:566,1,7.16,,"3456,3449,5467,3457,6999"
2015-04-02 06:38:55.2063,E:566,2,7.15,,"151,3456,5467,3449,3457,6386,3077,8167,3456"
2015-04-02 06:36:33.0721,E:566,3,7.14,,"3457,2447,2311,3449,6999,9059"
2015-04-02 06:36:14.1389,E:566,4,7.13,,7385
2015-04-02 06:39:09.4966,E:566,0,,7.18,"5838,3269,4087,3266,8184,6999"
2015-04-02 06:37:43.8303,E:566,1,,7.19,"1298,1799,6999,5838,103,2311,2311,2311,1799,2310,3347,6389"
2015-04-02 06:36:55.1658,E:566,2,,7.2,"8119,8118,5838,5129,8578,1799,2310,8337,8176,6999,4589,9047,8577,8127,4628,1274,9063,6128,1799,2868"
2015-04-02 06:39:21.2094,E:566,0,7.17,,"8047,4085,1197,5336,1198,1197,1197,3456,1198,1198,3455,3456,3457,4087"
2015-04-02 06:38:16.6532,E:566,1,7.16,,"3456,3449,5467,3457,6999"
2015-04-02 06:38:55.2063,E:566,2,7.15,,"151,3456,5467,3449,3457,6386,3077,8167,3456"
2015-04-02 06:36:33.0721,E:566,3,7.14,,"3457,2447,2311,3449,6999,9059"
2015-04-02 06:36:14.1389,E:566,4,7.13,,"7385,3176"
2015-04-02 06:39:22.1479,E:566,0,7.17,,"8047,4085,1197,5336,1198,1197,1197,3456,1198,1198,3455,3456,3457,4087,8029"
2015-04-02 06:38:16.6532,E:566,1,7.16,,"3456,3449,5467,3457,6999"
2015-04-02 06:38:55.2063,E:566,2,7.15,,"151,3456,5467,3449,3457,6386,3077,8167,3456"
2015-04-02 06:36:33.0721,E:566,3,7.14,,"3457,2447,2311,3449,6999,9059"
2015-04-02 06:36:14.1389,E:566,4,7.13,,7385
2015-04-02 06:39:22.5211,E:566,0,7.17,,"8047,4085,1197,5336,1198,1197,1197,3456,1198,1198,3455,3456,3457,4087,8029,3456"
2015-04-02 06:38:16.6532,E:566,1,7.16,,"3456,3449,5467,3457,6999"
2015-04-02 06:38:55.2063,E:566,2,7.15,,"151,3456,5467,3449,3457,6386,3077,8167,3456"
2015-04-02 06:36:33.0721,E:566,3,7.14,,"3457,2447,2311,3449,6999,9059"
2015-04-02 06:39:26.5008,E:566,0,,7.18,"5838,3269,4087,3266,8184,6999,1198"
2015-04-02 06:37:43.8303,E:566,1,,7.19,"1298,1799,6999,5838,103,2311,2311,2311,1799,2310,3347,6389"
2015-04-02 06:36:55.1658,E:566,2,,7.2,"8119,8118,5838,5129,8578,1799,2310,8337,8176,6999,4589,9047,8577,8127,4628,1274,9063,6128,1799"
2015-04-02 06:39:32.5354,E:566,0,7.17,,"8047,4085,1197,5336,1198,1197,1197,3456,1198,1198,3455,3456,3457,4087,8029,3456,1197"
2015-04-02 06:38:16.6532,E:566,1,7.16,,"3456,3449,5467,3457,6999"
2015-04-02 06:38:55.2063,E:566,2,7.15,,"151,3456,5467,3449,3457,6386,3077,8167,3456"
2015-04-02 06:36:33.0721,E:566,3,7.14,,"3457,2447,2311,3449,6999,9059"
2015-04-02 06:39:39.4033,E:566,0,7.17,,"8047,4085,1197,5336,1198,1197,1197,3456,1198,1198,3455,3456,3457,4087,8029,3456,1197,7219"
2015-04-02 06:38:16.6532,E:566,1,7.16,,"3456,3449,5467,3457,6999"
2015-04-02 06:38:55.2063,E:566,2,7.15,,"151,3456,5467,3449,3457,6386,3077,8167,3456"
2015-04-02 06:36:33.0721,E:566,3,7.14,,"3457,2447,2311,3449,6999"
2015-04-02 06:40:13.3427,E:566,0,,7.18,"5838,3269,4087,3266,8184,6999"
2015-04-02 06:37:43.8303,E:566,1,,7.19,"1298,1799,6999,5838,103,2311,2311,2311,1799,2310,3347,6389"
2015-04-02 06:36:55.1658,E:566,2,,7.2,"8119,8118,5838,5129,8578,1799,2310,8337,8176,6999,4589,9047,8577,8127,4628,1274,9063,6128,1799,2868"
2015-04-02 06:40:15.2084,E:566,0,7.17,,"3456,1198,1198,3455,3456,3457,4087,8029,3456,1197,7219"
2015-04-02 06:38:16.6532,E:566,1,7.16,,"3456,3449,5467,3457,6999"
2015-04-02 06:38:55.2063,E:566,2,7.15,,"151,3456,5467,3449,3457,6386,3077,8167,3456"
2015-04-02 06:36:33.0721,E:566,3,7.14,,"3457,2447,2311,3449,6999,9059"
2015-04-02 06:36:14.1389,E:566,4,7.13,,"7385,3176"
2015-04-02 06:38:51.2674,E:566,5,7.12,,"5889,8135"
2015-04-02 06:40:13.3427,E:566,0,,7.18,"5838,3269,4087,3266,8184,6999"
2015-04-02 06:40:15.6318,E:566,1,,7.19,"1298,1799,6999,5838,103,2311,2311,2311,2310,3347,6389"
2015-04-02 06:36:55.1658,E:566,2,,7.2,"8119,8118,5838,5129,8578,1799,2310,8337,8176,6999,4589,9047,8577,8127,4628,1274,9063,6128,1799,2868,8117"
2015-04-02 06:40:18.8636,E:566,0,7.17,,"3456,1198,1198,3455,3456,3457,4087,8029,3456,7219"
2015-04-02 06:38:16.6532,E:566,1,7.16,,"3456,3449,5467,3457,6999"
2015-04-02 06:38:55.2063,E:566,2,7.15,,"151,3456,5467,3449,3457,6386,3077,8167,3456"
2015-04-02 06:36:33.0721,E:566,3,7.14,,"3457,2447,2311,3449,6999,9059"
2015-04-02 06:36:14.1389,E:566,4,7.13,,"7385,3176"
2015-04-02 06:38:51.2674,E:566,5,7.12,,"5889,8135"
2015-04-02 06:40:25.2273,E:566,0,7.17,,"3456,1198,1198,3455,3456,3457,4087,8029,3456,7219,5980"
2015-04-02 06:38:16.6532,E:566,1,7.16,,"3456,3449,5467,3457,6999"
2015-04-02 06:38:55.2063,E:566,2,7.15,,"151,3456,5467,3449,3457,6386,3077,8167,3456"
2015-04-02 06:36:33.0721,E:566,3,7.14,,"3457,2447,2311,3449,6999,9059"
2015-04-02 06:36:14.1389,E:566,4,7.13,,"7385,3176"
2015-04-02 06:38:51.2674,E:566,5,7.12,,"5889,8135"
2015-04-02 06:40:31.7378,E:566,0,7.17,,"3456,1198,1198,3455,3456,3457,4087,8029,3456,7219,5980,1197"
2015-04-02 06:38:16.6532,E:566,1,7.16,,"3456,3449,5467,3457,6999"
2015-04-02 06:38:55.2063,E:566,2,7.15,,"151,3456,5467,3449,3457,6386,3077,8167,3456"
2015-04-02 06:36:33.0721,E:566,3,7.14,,"3457,2447,2311,3449,6999,9059"
2015-04-02 06:36:14.1389,E:566,4,7.13,,"7385,3176"
2015-04-02 06:38:51.2674,E:566,5,7.12,,5889
2015-04-02 06:40:58.012,E:566,0,7.17,,"3456,1198,1198,3455,3456,3457,4087,8029,3456,5980,1197"
2015-04-02 06:38:16.6532,E:566,1,7.16,,"3456,3449,5467,3457,6999"
2015-04-02 06:38:55.2063,E:566,2,7.15,,"151,3456,5467,3449,3457,6386,3077,8167,3456"
2015-04-02 06:36:33.0721,E:566,3,7.14,,"3457,2447,2311,3449,6999,9059"
2015-04-02 06:36:14.1389,E:566,4,7.13,,"7385,3176"
2015-04-02 06:38:51.2674,E:566,5,7.12,,"5889,8135"
2015-04-02 06:41:00.7889,E:566,0,7.17,,"3456,1198,1198,3455,3456,3457,4087,8029,3456,5980,1197,1198"
2015-04-02 06:38:16.6532,E:566,1,7.16,,"3456,3449,5467,3457,6999"
2015-04-02 06:38:55.2063,E:566,2,7.15,,"151,3456,5467,3449,3457,6386,3077,8167,3456"
2015-04-02 06:36:33.0721,E:566,3,7.14,,"3457,2447,2311,3449,6999,9059"
2015-04-02 06:36:14.1389,E:566,4,7.13,,"7385,3176"
2015-04-02 06:38:51.2674,E:566,5,7.12,,5889
2015-04-02 06:41:03.7736,E:566,0,,7.18,"5838,3269,4087,3266,8184,6999,4087"
2015-04-02 06:40:15.6318,E:566,1,,7.19,"1298,1799,6999,5838,103,2311,2311,2311,2310,3347,6389"
2015-04-02 06:40:26.3838,E:566,2,,7.2,"8119,8118,5838,5129,8578,1799,2310,8337,8176,6999,4589,9047,8577,8127,4628,1274,9063,6128,1799,2868"
2015-04-02 06:41:00.7889,E:566,0,7.17,,"3456,1198,1198,3455,3456,3457,4087,8029,3456,5980,1197,1198"
2015-04-02 06:38:16.6532,E:566,1,7.16,,"3456,3449,5467,3457,6999"
2015-04-02 06:38:55.2063,E:566,2,7.15,,"151,3456,5467,3449,3457,6386,3077,8167,3456"
2015-04-02 06:36:33.0721,E:566,3,7.14,,"3457,2447,2311,3449,6999,9059"
2015-04-02 06:41:10.6,E:566,4,7.13,,"7385,3176,9063"
2015-04-02 06:41:25.0344,E:566,0,7.17,,"1198,1198,3455,3456,3457,4087,8029,3456,5980,1197,1198"
2015-04-02 06:38:16.6532,E:566,1,7.16,,"3456,3449,5467,3457,6999"
2015-04-02 06:38:55.2063,E:566,2,7.15,,"151,3456,5467,3449,3457,6386,3077,8167,3456"
2015-04-02 06:36:33.0721,E:566,3,7.14,,"3457,2447,2311,3449,6999,9059"
2015-04-02 06:41:10.6,E:566,4,7.13,,"7385,3176,9063"
2015-04-02 06:38:51.2674,E:566,5,7.12,,5889
2015-04-02 06:41:31.2421,E:566,0,7.17,,"1198,1198,3455,3456,3457,4087,8029,3456,5980,1197,1198,1197"
2015-04-02 06:38:16.6532,E:566,1,7.16,,"3456,3449,5467,3457,6999"
2015-04-02 06:38:55.2063,E:566,2,7.15,,"151,3456,5467,3449,3457,6386,3077,8167,3456"
2015-04-02 06:36:33.0721,E:566,3,7.14,,"3457,2447,2311,3449,6999,9059"
2015-04-02 06:41:10.6,E:566,4,7.13,,"7385,3176,9063"
2015-04-02 06:41:31.2421,E:566,0,7.17,,"1198,1198,3455,3456,3457,4087,8029,3456,5980,1197,1198,1197,3457"
2015-04-02 06:38:16.6532,E:566,1,7.16,,"3456,3449,5467,3457,6999"
2015-04-02 06:38:55.2063,E:566,2,7.15,,"151,3456,5467,3449,3457,6386,3077,8167,3456"
2015-04-02 06:36:33.0721,E:566,3,7.14,,"3457,2447,2311,3449,6999,9059"
2015-04-02 06:41:10.6,E:566,4,7.13,,"7385,3176,9063"
2015-04-02 06:41:39.8017,E:566,0,,7.18,"5838,3269,4087,3266,8184,6999"
2015-04-02 06:41:39.8087,E:566,1,,7.19,"1298,1799,6999,5838,103,2311,2311,2311,2310,3347,6389"
2015-04-02 06:40:26.3838,E:566,2,,7.2,"8119,8118,5838,5129,8578,1799,2310,8337,8176,6999,4589,9047,8577,8127,4628,1274,9063,6128,1799,2868,8117"
2015-04-02 06:41:42.7537,E:566,0,7.17,,"1198,1198,3455,3456,3457,4087,8029,3456,5980,1197,1198,1197,3457,3455"
2015-04-02 06:38:16.6532,E:566,1,7.16,,"3456,3449,5467,3457,6999"
2015-04-02 06:38:55.2063,E:566,2,7.15,,"151,3456,5467,3449,3457,6386,3077,8167,3456"
2015-04-02 06:36:33.0721,E:566,3,7.14,,"3457,2447,2311,3449,6999,9059"
2015-04-02 06:41:10.6,E:566,4,7.13,,"7385,3176"
2015-04-02 06:42:13.5163,E:566,0,7.17,,"1198,1198,3455,3456,3457,4087,8029,3456,5980,1197,1198,1197,3457,3455,6999"
2015-04-02 06:38:16.6532,E:566,1,7.16,,"3456,3449,5467,3457,6999"
2015-04-02 06:38:55.2063,E:566,2,7.15,,"151,3456,5467,3449,3457,6386,3077,8167,3456"
2015-04-02 06:36:33.0721,E:566,3,7.14,,"3457,2447,2311,3449,6999,9059"
2015-04-02 06:41:10.6,E:566,4,7.13,,7385
2015-04-02 06:42:13.5163,E:566,0,7.17,,"1198,1198,3455,3456,3457,4087,8029,3456,5980,1197,1198,1197,3457,3455,6999"
2015-04-02 06:38:16.6532,E:566,1,7.16,,"3456,3449,5467,3457,6999"
2015-04-02 06:42:23.8456,E:566,2,7.15,,"151,3456,5467,3449,3457,6386,3077,3456"
2015-04-02 06:36:33.0721,E:566,3,7.14,,"3457,2447,2311,3449,6999,9059"
2015-04-02 06:41:10.6,E:566,4,7.13,,"7385,3176"
2015-04-02 06:42:29.1085,E:566,0,7.17,,"1198,1198,3455,3456,3457,4087,8029,3456,5980,1197,1198,1197,3457,3455,6999,1197"
2015-04-02 06:38:16.6532,E:566,1,7.16,,"3456,3449,5467,3457,6999"
2015-04-02 06:42:23.8456,E:566,2,7.15,,"151,3456,5467,3449,3457,6386,3077,3456"
2015-04-02 06:36:33.0721,E:566,3,7.14,,"3457,2447,2311,3449,6999,9059"
2015-04-02 06:41:10.6,E:566,4,7.13,,7385
2015-04-02 06:42:44.6809,E:566,0,,7.18,"5838,3269,4087,3266,8184,6999,1198"
2015-04-02 06:42:23.3913,E:566,1,,7.19,"1298,1799,6999,5838,103,2311,2311,2311,2310,3347,6389"
2015-04-02 06:40:26.3838,E:566,2,,7.2,"8119,8118,5838,5129,8578,1799,2310,8337,8176,6999,4589,9047,8577,8127,4628,1274,9063,6128,1799,2868"
2015-04-02 06:42:41.8552,E:566,0,7.17,,"1198,1198,3455,3456,3457,4087,8029,3456,5980,1197,1198,1197,3457,3455,6999,1197"
2015-04-02 06:38:16.6532,E:566,1,7.16,,"3456,3449,5467,3457,6999"
2015-04-02 06:42:54.301,E:566,2,7.15,,"151,3456,5467,3449,3457,6386,3077,3456,9067"
2015-04-02 06:36:33.0721,E:566,3,7.14,,"3457,2447,2311,3449,6999,9059"
2015-04-02 06:43:05.2234,E:566,0,7.17,,"1198,1198,3455,3456,3457,4087,8029,3456,5980,1197,1198,1197,3457,3455,6999,1197,1198"
2015-04-02 06:38:16.6532,E:566,1,7.16,,"3456,3449,5467,3457,6999"
2015-04-02 06:42:54.301,E:566,2,7.15,,"151,3456,5467,3449,3457,6386,3077,3456,9067"
2015-04-02 06:36:33.0721,E:566,3,7.14,,"3457,2447,2311,3449,6999,9059"
2015-04-02 06:42:44.6809,E:566,0,,7.18,"5838,3269,4087,3266,8184,6999,1198"
2015-04-02 06:42:23.3913,E:566,1,,7.19,"1298,1799,6999,5838,103,2311,2311,2311,2310,3347,6389"
2015-04-02 06:43:08.7295,E:566,2,,7.2,"8119,8118,5838,5129,8578,1799,2310,8337,8176,6999,4589,9047,8577,4628,1274,9063,6128,1799,2868,8117"
2015-04-02 06:43:09.5009,E:566,0,7.17,,"3455,3456,3457,4087,8029,3456,5980,1197,1198,1197,3457,3455,6999,1197,1198"
2015-04-02 06:38:16.6532,E:566,1,7.16,,"3456,3449,5467,3457,6999"
2015-04-02 06:42:54.301,E:566,2,7.15,,"151,3456,5467,3449,3457,6386,3077,3456,9067"
2015-04-02 06:36:33.0721,E:566,3,7.14,,"3457,2447,2311,3449,6999,9059"
2015-04-02 06:41:10.6,E:566,4,7.13,,7385
2015-04-02 06:43:09.5009,E:566,0,7.17,,"3455,3456,3457,4087,8029,3456,5980,1197,1198,1197,3457,3455,6999,1197,1198"
2015-04-02 06:43:15.6916,E:566,1,7.16,,"3456,3449,5467,3457,6999,9059"
2015-04-02 06:42:54.301,E:566,2,7.15,,"151,3456,5467,3449,3457,6386,3077,3456,9067"
2015-04-02 06:43:15.6916,E:566,3,7.14,,"3457,2447,2311,3449,6999"
2015-04-02 06:41:10.6,E:566,4,7.13,,7385
2015-04-02 06:43:17.4531,E:566,0,7.17,,"3456,3457,4087,8029,3456,5980,1197,1198,1197,3457,3455,6999,1197,1198"
2015-04-02 06:43:15.6916,E:566,1,7.16,,"3456,3449,5467,3457,6999,9059"
2015-04-02 06:42:54.301,E:566,2,7.15,,"151,3456,5467,3449,3457,6386,3077,3456,9067"
2015-04-02 06:43:15.6916,E:566,3,7.14,,"3457,2447,2311,3449,6999"
2015-04-02 06:41:10.6,E:566,4,7.13,,"7385,3176"
2015-04-02 06:43:19.4357,E:566,0,7.17,,"3456,3457,4087,8029,3456,5980,1197,1198,1197,3457,3455,6999,1197,1198,8024"
2015-04-02 06:43:15.6916,E:566,1,7.16,,"3456,3449,5467,3457,6999,9059"
2015-04-02 06:42:54.301,E:566,2,7.15,,"151,3456,5467,3449,3457,6386,3077,3456,9067"
2015-04-02 06:43:15.6916,E:566,3,7.14,,"3457,2447,2311,3449,6999"
2015-04-02 06:41:10.6,E:566,4,7.13,,7385
2015-04-02 06:43:21.9077,E:566,0,7.17,,"3456,3457,4087,8029,3456,5980,1197,1198,1197,3457,3455,6999,1197,1198,8024,3454"
2015-04-02 06:43:15.6916,E:566,1,7.16,,"3456,3449,5467,3457,6999,9059"
2015-04-02 06:42:54.301,E:566,2,7.15,,"151,3456,5467,3449,3457,6386,3077,3456,9067"
2015-04-02 06:43:15.6916,E:566,3,7.14,,"3457,2447,2311,3449,6999"
2015-04-02 06:43:35.1256,E:566,0,,7.18,"5838,3269,4087,3266,8184,6999"
2015-04-02 06:43:09.5081,E:566,1,,7.19,"1298,1799,6999,5838,103,2311,2311,2311,2310,3347,6389"
2015-04-02 06:43:12.6334,E:566,2,,7.2,"8119,8118,5838,5129,8578,1799,2310,8337,8176,6999,4589,9047,8577,4628,1274,9063,6128,1799,2868,8117,8147"
2015-04-02 06:43:35.5144,E:566,0,7.17,,"3456,3457,4087,8029,3456,5980,1197,1198,1197,3457,3455,6999,1197,1198,8024,3454,1197"
2015-04-02 06:43:15.6916,E:566,1,7.16,,"3456,3449,5467,3457,6999,9059"
2015-04-02 06:42:54.301,E:566,2,7.15,,"151,3456,5467,3449,3457,6386,3077,3456,9067"
2015-04-02 06:43:15.6916,E:566,3,7.14,,"3457,2447,2311,3449,6999"